3060 5468
309 686 371 746 146
443 697 605 747 MA'H'HAEI
630 695 842 745 ramulensis
865 692 1027 742 HISTORIA
1049 691 1249 741 anulorum

141 883 209 933 Aa).
225 887 296 932 1253.
308 871 444 954 praelati,
468 871 611 934 humano
634 891 729 934 sensu
752 869 856 934 electa
877 874 1010 953 propter
1031 888 1160 932 carnem
1183 866 1238 930 vel
1260 870 1350 931 tens-

307 973 447 1037 ritatom.
494 972 539 1037 llt
560 977 612 1037 est
634 972 800 1036 contraria
830 971 1009 1055 Scaptura
1040 969 1157 1045 Sacrae,
1182 989 1257 1052 quse
1278 989 1351 1052 pru-

307 1074 400 1138 hibet
422 1075 493 1138 fieri
516 1080 671 1160 pastores,
694 1075 750 1159 qui
774 1095 842 1137 non
865 1079 943 1136 sunt
967 1073 1075 1137 idonei
1109 1070 1153 1137 ad
1174 1070 1350 1135 arcendum

308 1176 409 1262 lupos.
455 1176 501 1240 Et
533 1181 583 1240 cst
616 1176 725 1263 palam
758 1178 882 1255 edocta,
906 1175 985 1261 quia
1006 1174 1187 1239 manifeste
1200 1178 1352 1259 portatur

309 1284 398 1343 cada
421 1279 573 1365 sigillata.
620 1279 665 1342 Et
680 1293 731 1343 est
745 1279 960 1364 pertinaciter
982 1277 1123 1350 defensa,
1140 1275 1262 1360 quiesi
1277 1274 1351 1360 quis

308 1380 450 1445 voluerit
499 1380 728 1458 contradicere,
776 1380 998 1465 suspenditur,
1043 1378 1351 1443 excommunicatur.

308 1482 370 1546 Oui
405 1488 518 1548 antem
549 1488 621 1547 tota
652 1481 807 1546 diffinitio
834 1482 968 1548 haeresis
989 1482 1153 1557 convenit,
1178 1479 1353 1545 haereticus

308 1591 365 1649 cst.
411 1585 475 1650 Sed
498 1586 637 1670 quisque
660 1583 768 1649 fidelis
791 1590 927 1650 tenetur
956 1605 1120 1669 opponere
1142 1605 1176 1648 se
1190 1582 1354 1657 haeretico,

307 1693 469 1772 quantum
493 1692 609 1774 potest
658 1686 724 1767 Qui
747 1708 824 1772 crgo
840 1692 950 1771 potest
973 1685 1206 1762 contradicere,
1228 1689 1263 1749 et
1286 1704 1354 1749 non

307 1789 511 1863 contradicit,
543 1797 664 1875 peccat,
700 1793 734 1852 et
767 1789 902 1853 videtur
934 1788 1043 1853 fautor
1073 1809 1151 1867 esse,
1173 1785 1355 1852 secundum

308 1892 389 1956 illud
413 1892 571 1978 Gregorii,
598 1891 696 1955 ‘Non
727 1896 816 1955 caret
846 1890 998 1975 scrupulo
1022 1890 1186 1955 societatis
1209 1887 1355 1964 occultae,

308 1994 364 2078 qui
396 1994 568 2058 manifesto
600 1993 736 2058 facinori
769 1993 890 2057 desinit
924 1991 1076 2056 obviarc.’
1122 1991 1187 2055 Sed
1209 2012 1269 2055 vos
1291 1990 1356 2054 fra

308 2101 376 2160 tres
397 2097 542 2161 maxime
564 2095 757 2182 obligaruiui
779 2096 823 2160 ad
845 2095 1084 2182 oppositionem
1106 2098 1222 2158 contra
1243 2092 1353 2167 talem,

310 2218 384 2260 cum
418 2197 569 2262 habeatis
603 2219 643 2260 ex
676 2197 784 2262 officio
816 2197 959 2282 gratiam
999 2195 1205 2283 praedicandi,
1229 2201 1262 2259 et
1296 2215 1356 2280 per

309 2304 538 2383 paupertatem
561 2299 728 2363 liberiores
751 2299 882 2384 injustis
906 2298 1086 2362 resistendi.
1133 2297 1227 2377 Quia,

423 2443 608 2509 ‘Cantabit
630 2466 753 2508 vacuus
776 2467 884 2509 coram
907 2445 1035 2508 latrone
1057 2446 1172 2508 viator.
1185 2441 1243 2478 ''’¹

355 2592 436 2657 Hssc
452 2596 485 2656 et
501 2591 565 2655 alia
580 2591 685 2655 multa
700 2592 853 2677 lugubria
877 2592 1048 2678 proposuit
1071 2592 1158 2656 idem
1183 2589 1356 2675 episcopus

308 2717 416 2759 conum
438 2695 562 2760 clericis
585 2695 654 2759 suis
677 2700 711 2758 et
733 2694 807 2759 aliis
829 2700 908 2759 ante
931 2701 1070 2759 mortem
1093 2693 1242 2780 graviter
1263 2691 1358 2756 infir·-

311 2805 428 2874 matus,
452 2798 492 2861 de
520 2797 694 2861 cotidianis
725 2796 832 2862 adhuc
862 2797 1037 2861 condolens
1060 2797 1201 2861 ecclesias
1223 2815 1357 2881 oppres-

310 2901 464 2977 sionibus,
495 2905 529 2964 ct
551 2900 695 2964 maxime
717 2921 830 2964 earum
853 2898 1045 2964 fautoribus,
1093 2899 1175 2977 (lucc
1207 2898 1265 2982 qui
1288 2896 1355 2983 ple-

310 3007 385 3069 nius
408 3003 553 3071 volucrit
575 3003 763 3087 perspicere,
787 3001 866 3065 alibi
889 3000 1013 3086 poterit
1035 2997 1206 3064 invenire.‘³

519 3236 567 3298 De.
590 3242 694 3299 raorfc
717 3234 789 3316 cius
815 3241 843 3299 at
868 3234 981 3317 aaa
1002 3234 1152 3319 apertis³

181 3408 263 3457 socr.
358 3393 516 3476 Migravit
539 3391 643 3476 igitur
665 3391 708 3455 ab
733 3392 829 3476 hujus
862 3391 976 3455 mundi
1012 3392 1111 3455 exilio
1135 3397 1268 3455 sanctus
1291 3389 1355 3453 Ro·

146 3487 433 3583 llir¹¹⁰¹¹¹h⁰1¹⁸bcrtus
473 3493 712 3557 Lincolniensis
750 3493 929 3579 episcopus,
967 3494 1054 3579 apud
1093 3493 1278 3579 Bugcdeue‚
1321 3491 1357 3555 in

146 3567 280 3682 {¹323}
312 3602 406 3659 nocte
429 3595 535 3659 suncti
557 3594 711 3673 Dionisii,
735 3594 860 3658 domini
883 3617 977 3680 papae
1000 3602 1034 3660 ct
1056 3597 1142 3681 regis
1164 3596 1358 3680 redargutor

147 3684 243 3798 ἑζξῖξὲ
312 3697 510 3774 manifestus,
550 3697 759 3782 prelatorum
798 3703 971 3784 correptor,
1018 3698 1251 3762 monachorum
1288 3718 1357 3761 cor·

312 3805 425 3878 rector,
465 3799 718 3886 presbiterorum
753 3799 902 3879 director,
941 3801 1130 3866 clericorum
1167 3802 1356 3877 instructor,

313 3902 488 3965 scolarium
520 3904 731 3977 sustentator,
763 3901 876 3986 populi
914 3904 1118 3988 praedicator,
1149 3902 1358 3969 incontinen-

314 4002 400 4067 tium
437 4009 651 4094 persecutor,
671 4004 908 4090 scripturarum
955 4005 1087 4069 sedulus
1135 4010 1358 4092 perscrutator

314 4103 526 4182 diversarum,
559 4107 780 4171 Romanorum
815 4106 951 4172 malleus
989 4113 1024 4172 et
1046 4114 1259 4194 contemptor.
1314 4107 1358 4173 In

314 4228 427 4272 rnunsa
448 4208 634 4274 refectionis
656 4209 839 4295 corporalis,
856 4210 999 4296 dapsilis,
1017 4213 1164 4297 copiosus
1187 4217 1221 4276 et
1243 4209 1359 4290 civilis,

348 4445 354 4474 ¹
372 4446 433 4495 Juv.
446 4445 498 4495 Sat.
510 4461 537 4495 x.
549 4451 588 4496 22.
894 4450 947 4498 ³A
970 4449 1041 4498 mitre
1064 4450 1115 4499 and
1134 4449 1226 4499 crosier
1245 4449 1360 4499 reversed

346 4524 524 4575 ²SeeB.und
542 4527 580 4578 ed.
594 4525 675 4582 Wuts.
692 4540 731 4588 pp.
745 4530 810 4577 874-
861 4544 902 4578 ure
914 4530 999 4578 drawn
1011 4529 1039 4577 in
1051 4529 1094 4578 the
1105 4530 1210 4594 margin.

312 4612 368 4657 875.
