3060 5474
390 721 437 771 nn
458 722 617 771 rmore
639 722 739 770 euers
762 722 908 772 ememor
930 723 1053 773 rrum.
1173 710 1236 774 299

28 893 344 972 Ibitiitlsprscspto
466 919 553 956 suum
582 901 784 971 exequendum
810 901 847 955 da
874 900 1064 957 subventione
1089 898 1239 970 pecuniari
1250 896 1319 949 AD.
1333 903 1404 949 1241.

198 982 294 1038 eidam
310 985 443 1041 facienda
460 991 560 1040 contra
577 984 791 1049 Frethericum
807 985 938 1041 validum
956 984 1087 1039 eeclesia
1104 1000 1238 1055 persecu·
1251 995 1278 1039 tc
1288 989 1405 1056 ungunt

198 1073 300 1121 tcrem.
338 1068 422 1123 Unde
434 1087 491 1125 nou
508 1069 629 1124 minima
647 1070 723 1123 sacta
740 1075 786 1123 est
802 1086 885 1139 papas
897 1068 1081 1132 contributio,
1095 1073 1125 1122 at
1142 1066 1240 1122 efficax
1251 1064 1278 1106 ‘0
1289 1057 1378 1109 ⁰⁰11&

198 1150 336 1206 collatum
354 1153 512 1218 auxilium3
533 1154 610 1207 sama
628 1153 706 1207 enim
724 1152 876 1216 referente,
896 1152 1043 1208 nitebatur
1060 1151 1139 1206 idem
1156 1124 1394 1254 Flr0·{¹1¹,⁰,¹¹ss{„{⁰'

198 1234 340 1306 thericus]
359 1237 449 1292 totius
463 1237 595 1292 ecelesia
613 1241 722 1291 statum
740 1242 903 1302 concutere,
923 1243 953 1291 et
981 1237 1069 1291 etiam
1087 1235 1156 1291 fidei
1173 1252 1240 1289 con·
1369 1228 1376 1242 '

27 1320 185 1372 Ibidiiito.
198 1320 334 1374 stantiam
351 1339 498 1375 enervare.
542 1321 628 1375 Anno
646 1319 701 1375 sub
719 1319 819 1374 eodem
840 1362 846 1373 .
869 1361 875 1373 .
896 1362 903 1375 .
924 1359 932 1374 .
951 1321 1126 1392 dampnosus
1144 1318 1241 1374 extitit

198 1408 228 1457 et
244 1403 395 1469 terribilis,
415 1411 445 1460 et
462 1422 497 1459 eo
514 1405 619 1475 magis,
634 1405 704 1474 quia
720 1405 865 1460 insolitus.
903 1405 1084 1477 Quapropter
1096 1404 1240 1474 significe-

198 1486 277 1542 tivus
295 1488 476 1545 credebatur.
521 1487 604 1542 Mare
622 1489 712 1543 etiam
736 1529 743 1542 .
764 1528 771 1542 .
793 1529 800 1542 .
820 1488 893 1552 dies,
915 1489 967 1544 sed
996 1488 1083 1544 tertio
1102 1527 1109 1540 .
1130 1529 1136 1540 .
1158 1526 1164 1540 .
1183 1504 1240 1541 non

198 1571 319 1626 minima
335 1572 467 1627 finitimis
485 1572 637 1643 irrogavit.
673 1573 712 1627 nt
738 1573 847 1627 iterum
872 1572 1022 1626 redivivus
1045 1575 1238 1633 terraemotus,

198 1670 265 1708 cum
286 1656 411 1726 quodam
430 1695 437 1710 .
458 1698 465 1710 .
487 1698 493 1710 .
513 1656 617 1727 lingua
634 1657 783 1711 Erttdwse
799 1661 913 1721 vocant,
933 1656 1069 1726 adjuncto
1086 1659 1239 1709 ventorum

197 1737 323 1794 violento
336 1740 461 1804 turbiue,
476 1745 639 1796 structuras
654 1783 660 1794 .
676 1782 683 1794 .
700 1781 706 1794 .
723 1781 729 1794 .
744 1741 898 1810 dissipavit
915 1746 946 1795 et
963 1739 1081 1804 avulsit,
1095 1743 1125 1792 et
1135 1738 1240 1793 robora

197 1820 279 1875 mirae
304 1824 515 1896 magnitudinis
542 1835 704 1889 conterens,
723 1823 865 1879 radicitus
889 1823 1060 1895 extirpando
1076 1822 1239 1894 precipita-

196 1905 249 1960 vit.
282 1907 366 1962 Unde
383 1909 570 1964 comminatio
589 1907 776 1980 evangelics¹
804 1909 949 1964 mundano
977 1908 1066 1963 statui
1090 1908 1239 1962 evidenter

198 1991 352 2046 convenire
368 1992 532 2047 videbatur.
570 1991 648 2046 Nam
673 1998 704 2046 et
728 1993 855 2047 tonitrus
882 2010 950 2047 cum
976 1991 1103 2047 terribili
1121 1991 1239 2061 fulgure

196 2073 357 2142 premissis
374 2076 617 2148 adjungebantur.
656 2074 716 2130 Sed
725 2075 827 2130 miseri
838 2076 977 2131 mortales
988 2094 1042 2131 nec
1061 2075 1239 2146 evangelicis

197 2159 478 2224 comminationibus,
506 2176 560 2214 nee
586 2160 796 2215 elementorum
822 2160 1063 2216 commotionibus
1089 2159 1240 2229 perterriti

199 2240 246 2294 val
264 2243 408 2314 castigati,
427 2247 556 2316 impetus
574 2244 754 2299 voluntarios
771 2243 903 2299 avaritia
922 2249 952 2300 et
969 2243 1135 2299 ambitionis
1161 2242 1237 2298 echi·

198 2325 331 2381 buerunt.
374 2327 485 2384 Diebus
513 2328 567 2383 sub
592 2328 704 2383 eisdem
728 2329 813 2383 missi
839 2334 908 2383 sunt
937 2328 1052 2384 subdoli
1082 2327 1181 2383 sicarii
1210 2333 1401 2394 etnmimig

198 2411 392 2479 potionatcres
410 2429 444 2468 ac
458 2413 655 2484 jugulatores,
681 2430 762 2467 more
780 2414 998 2476 Assesinorum,
1027 2418 1058 2468 et
1082 2413 1180 2476 etiam,
1207 2413 1344 2485 utsseqtto

198 2493 358 2560 dicebatur,
377 2497 460 2567 piper
478 2497 619 2551 infectum
637 2497 673 2551 ab
690 2496 875 2553 institoribus
893 2498 970 2553 inter
987 2497 1105 2569 papales
1123 2502 1154 2551 et
1170 2496 1240 2550 Fre-
1251 2488 1341 2538 9⁰¹¹⁰¹¹
1351 2475 1394 2527 Ψ

197 2577 362 2643 therioales,
392 2585 436 2643 ut,
465 2580 613 2651 aliquibus
642 2580 836 2651 interemptis,
867 2581 1008 2637 alteruter
1034 2580 1238 2651 triumpharet,
1252 2555 1384 2673 xm,

198 2679 272 2732 papa
289 2664 403 2720 scilicet
418 2664 467 2720 vel
485 2665 682 2720 Frethericus.
720 2665 804 2720 Unda
817 2666 950 2721 dominus
962 2682 1037 2737 papa
1054 2666 1159 2720 timens
1172 2664 1238 2729 sibi,

197 2745 282 2801 latuit
298 2747 428 2804 inclusus
446 2749 478 2803 in
495 2755 576 2804 arcto
594 2748 734 2812 conclavi,
754 2751 874 2804 armatis
892 2748 1063 2812 custoditus,
1083 2749 1133 2802 vix
1150 2765 1238 2803 ausus
1250 2752 1305 2831 the
1315 2766 1348 2817 po

197 2830 228 2882 in
245 2833 350 2903 populo
368 2851 518 2905 apparere,
532 2834 581 2888 vel
592 2833 688 2888 eidem
699 2833 822 2888 verbum
834 2833 890 2888 Dei
902 2833 1071 2904 predicare,
1084 2839 1119 2887 nt
1130 2832 1236 2897 decuit,
1250 2819 1320 2869 ΝΜ
1384 2845 1395 2858 ·

22 2913 92 2963 lbid
99 2913 133 2964 iii
143 2919 183 2964 22.
197 2914 227 2966 in
245 2915 361 2985 publico
373 2925 403 2972 st
420 2918 581 2972 manifeste.
620 2916 686 2971 Hoc
704 2933 820 2987 quoque
837 2934 921 2981 auno,
940 2917 1018 2971 facta
1034 2921 1102 2971 est.
1122 2955 1129 2968 .
1148 2916 1238 2972 .visi-
1249 2884 1303 2936 ’ὦ

196 2999 303 3052 tatione
322 3001 453 3055 facienda
470 3001 501 3054 in
520 3041 527 3055 .
550 3041 556 3054 .
579 3042 585 3053 .
606 3001 642 3054 de
663 3000 841 3070 Thy-nemus,
861 3000 992 3055 ecclesiae
1015 2998 1115 3054 Sancti
1131 2999 1238 3054 Albani

197 3086 377 3154 pertinentis.
421 3085 503 3138 Mota
520 3090 619 3139 autem
636 3085 675 3138 lis
694 3085 736 3139 sie
754 3085 931 3156 conquievit,
952 3084 1029 3155 quod
1046 3084 1079 3139 in
1096 3085 1161 3154 ipss
1178 3083 1237 3156 epi·

196 3187 300 3240 scopus
317 3169 492 3224 visitationis
510 3169 636 3223 officium
654 3168 817 3224 exercebit²
836 3169 899 3223 sine
911 3186 997 3224 onere
1015 3169 1235 3239 procurationis.

46 3241 166 3293 blm·
196 3253 277 3309 Obiit
299 3253 505 3323 Andegravius
533 3253 569 3306 de
596 3252 739 3324 Duringe,
765 3255 796 3307 in
823 3254 908 3324 cujus
935 3255 1001 3309 sinu
1027 3254 1155 3324 reposita
1181 3252 1238 3308 fuit

196 3354 261 3408 spes
280 3338 393 3409 papalis
412 3342 442 3390 et
460 3335 643 3390 confidentia.
680 3338 718 3391 In
735 3338 820 3407 cujus
839 3356 908 3393 casu
925 3339 1015 3393 totius
1039 3337 1170 3392 thesauri
1186 3354 1236 3407 pe·
1249 3312 1384 3435 affiffif

196 3424 281 3477 cunis
298 3421 522 3484 inaestimabilis,
548 3437 636 3490 quam
661 3420 795 3475 dominus
816 3439 891 3492 papa
919 3421 1111 3491 undecunque
1136 3419 1237 3492 adqui·
1249 3394 1386 3508 ἔπεσς’

197 3507 295 3570 sierat,
316 3508 347 3560 in
366 3505 516 3560 Oaribdim
535 3504 707 3575 perditionis
731 3505 988 3561 irrestaurabiliter
1013 3512 1058 3560 est
1076 3506 1235 3561 submersa.
1248 3512 1344 3562 thurin
1364 3513 1395 3573 ἰ,

197 3591 277 3645 Obiit
288 3597 318 3644 et
330 3591 421 3645 Fulco
439 3590 475 3643 de
488 3587 688 3654 Castro-novo,
709 3590 804 3654 miles,
819 3590 928 3645 domini
945 3591 1026 3660 regis
1038 3589 1235 3655 consobrinus,
1250 3580 1300 3628 Μὰ
1376 3581 1405 3630 ⁰f

197 3675 361 3737 Londoniis,
380 3676 412 3727 in
429 3673 633 3728 Purificatione
654 3675 746 3729 beatas
758 3674 876 3739 Mariae3
897 3681 927 3729 et
945 3674 1077 3745 sepultus
1098 3671 1189 3744 [est]⁸
1206 3675 1238 3729 iu
1249 3645 1396 3763 Nzwffifle·

197 3760 321 3813 ecclesia
343 3758 603 3813 Westmcnssterii.
653 3758 829 3822 Willelmua,
855 3775 952 3813 comas
975 3757 1138 3822 Holandiae‚
1163 3775 1238 3828 papa
1250 3729 1369 3841 wfflffl

199 3847 380 3913 procurante,
399 3842 430 3896 in
454 3859 554 3912 regem
571 3842 763 3908 Alamanniae,
782 3849 816 3897 ut
842 3842 885 3897 sic
902 3843 934 3896 in
951 3842 1107 3912 imperium
1124 3858 1238 3913 promc-
1250 3851 1328 3894 count
1337 3848 1367 3896 cs

198 3932 310 3989 vestur,
324 3926 453 3994 eligitur.
491 3926 527 3979 In
539 3927 623 3995 cujus
636 3928 815 3996 promotione
828 3944 903 3996 papa
919 3925 1072 3980 thesauros
1090 3926 1238 3997 impretia-
1250 3910 1369 3972 H⁰H⁸¹²dv

197 4010 282 4070 biles,
306 4026 377 4078 quos
395 4009 431 4063 ab
449 4009 573 4064 ecclesia
592 4010 740 4065 emunxit⁴
756 4010 919 4080 Anglicaua
936 4011 1081 4081 praecipue
1099 4017 1129 4065 et
1148 4009 1238 4065 Galli·
1249 3979 1354 4093 {ljoetedf

198 4109 277 4153 oenc,
291 4092 446 4162 congessit.
477 4090 536 4146 Sed
547 4094 644 4148 omnia
656 4094 740 4164 quasi
758 4093 789 4147 in
806 4092 905 4163 pelagi
917 4098 1064 4148 versuum
1075 4093 1123 4148 rel
1141 4095 1237 4164 potius
1250 4060 1384 4176 θέἑιὲῃγ

198 4179 348 4230 baratrum
366 4175 633 4245 irrecuperabiliter
651 4182 720 4232 sunt
736 4174 875 4248 projecta,
896 4178 973 4233 sicut
991 4191 1113 4248 sequens
1141 4191 1237 4235 sermo

198 4259 312 4331 plenius
332 4276 383 4313 suo
396 4266 525 4329 ternpore
544 4259 720 4326 declarabitg
739 4266 773 4315 ut
784 4261 850 4315 luce
863 4261 970 4316 clarius
983 4267 1081 4332 pateat
1092 4258 1234 4326 omnibus,

229 4482 235 4511 ¹
255 4481 406 4548 ecanyelr'cc]
437 4478 604 4544 euangelica,
627 4480 691 4537 tls,
773 4481 783 4512 ³
800 4483 849 4546 est]
869 4481 980 4533 Omitted
991 4481 1017 4530 in
1029 4481 1084 4532 MS.

195 4566 243 4611 and
253 4561 411 4627 mucnqelieis
421 4561 515 4610 further
526 4576 564 4608 on.
774 4559 783 4592 ⁴
800 4561 916 4624 meruit]
934 4560 1061 4618 emuneeit,
1073 4558 1129 4609 MS.

229 4642 237 4671 ²
258 4642 390 4707 exercebit]
411 4639 559 4701 excoreebit
571 4639 625 4691 MS.
