3060 5468
319 715 367 764 nn
389 712 546 767 rmroru
569 712 671 766 anais
695 710 848 779 nurmcr,
872 712 939 767 vrz.
963 709 1084 766 ranrn.
1177 704 1219 767 83

172 912 251 958 nam
273 892 424 958 aditurus
446 894 482 958 in
503 892 648 980 magn0¹
670 896 831 980 apparatu
852 890 1090 957 transfretavit.
1136 890 1222 957 Oon-
1235 901 1304 957 Am.
1319 910 1390 957 raso.

172 995 331 1062 sideravit
352 995 590 1084 perspicaciter,
614 996 703 1082 quod
726 995 754 1061 si
777 994 944 1061 ecclesiam
960 990 1221 1060 londoniensem

172 1104 281 1186 posset
308 1097 529 1186 subpeditare,
552 1097 645 1164 nulla
677 1098 708 1164 ei
741 1097 778 1163 in
800 1097 925 1186 Anglia
956 1096 1108 1164 resistere
1139 1117 1221 1184 preu-

161 1205 325 1268 sumeret.

413 1428 507 1498 Obiit
528 1428 691 1498 Robertcs'
714 1425 754 1496 dc
778 1419 977 1496 Loebatotto.

220 1576 411 1664 Eodemque
432 1598 530 1657 anuo,
546 1577 619 1645 iiii0.
642 1576 804 1643 kalendas
826 1575 932 1654 Junii,
948 1577 1032 1643 obiit
1055 1576 1221 1642 Robertuc
1256 1579 1370 1647 2⁹M25·

174 1681 216 1744 de
248 1679 442 1758 Lexintona,
476 1680 620 1759 clericus,
645 1680 703 1765 qui
733 1679 770 1743 in
798 1678 993 1763 justiciariae
1026 1676 1131 1743 officio
1163 1676 1223 1742 diu
1236 1660 1373 1778 ssgffie

174 1785 404 1859 commoratus,
436 1802 559 1847 nomen
589 1781 752 1846 famosum
785 1784 820 1846 et
853 1780 980 1866 amplas
1011 1779 1076 1844 sibi
1107 1778 1223 1864 adqui·
1236 1794 1391 1860 Laxiugton.

173 1884 274 1949 sierat
296 1883 521 1970 possessiones.
568 1884 619 1949 De
650 1904 715 1970 quo
738 1883 841 1949 etiam
864 1880 972 1946 multe
993 1880 1030 1945 in
1053 1881 1114 1946 hoe
1136 1880 1223 1944 libro

174 1986 439 2073 praescribuntur.

204 2218 414 2287 Fretlericus
435 2221 639 2286 Porticenses
660 2224 691 2285 et
712 2216 837 2284 multos
858 2216 992 2284 rebelles
1013 2215 1187 2305 oppressit.

222 2358 348 2423 Diebus
385 2381 516 2446 quoque
553 2357 615 2423 sub
653 2356 778 2423 eisdem
814 2378 962 2422 rumores
994 2355 1224 2443 jucundissimi
1238 2361 1365 2415 Macru-

175 2482 272 2525 aures
288 2461 549 2527 Occidentalium
565 2461 661 2526 vanis
684 2459 915 2525 demulcebant
938 2459 1223 2537 consolationibus,
1237 2430 1393 2560 ffiffisse

176 2561 329 2628 videlicet
352 2563 393 2628 de
419 2562 571 2650 captione
595 2562 702 2643 Kairi,
727 2560 910 2627 Babiloniee
933 2566 968 2626 ct
997 2561 1352 2627 Alexandrinorum

177 2662 325 2744 Quorum
347 2687 479 2731 causam
501 2666 732 2752 praetermitto,
755 2662 842 2749 quia,
1237 2629 1383 2746 sime»

260 2821 276 2846 “
298 2812 383 2878 Tota
405 2813 512 2878 trahit
535 2812 634 2878 series
657 2832 700 2877 ex
722 2811 815 2896 turpi
837 2810 905 2875 fine
927 2808 1137 2896 pudorem.”2

178 2956 223 3020 Et
253 2979 312 3043 per
343 2957 431 3022 idem
465 2959 597 3043 tempus
619 2953 831 3020 Frethericus
854 2955 1045 3019 Parmenses
1077 2958 1112 3019 et
1145 2954 1226 3019 alios
1239 2963 1394 3028 Oppression

177 3058 325 3124 Ytalicos
358 3059 420 3123 sibi
457 3058 592 3124 rebelles
624 3056 845 3134 vehementer,
872 3056 964 3122 victo
986 3055 1153 3120 Willelmo
1186 3028 1394 3161 deffifss}

178 3160 355 3235 Holandia,
381 3161 549 3245 oppressit.
1239 3159 1347 3290 &postm-

230 3403 444 3471 Mooclctwoa
458 3405 572 3493 flebile
594 3408 838 3504 tracesiorum
861 3412 901 3479 de
925 3412 1030 3483 Terra
1051 3412 1179 3484 comto

551 3507 670 3577 corriti
691 3508 850 3581 Ricardo.

224 3654 286 3719 Die
308 3677 387 3720 vero
418 3656 508 3722 beati
532 3656 697 3736 Kenelmi‚
719 3657 874 3726 videlicet
897 3660 1049 3729 kalendis
1071 3663 1226 3750 Augusti,
1276 3683 1371 3750 1Aug.

179 3757 297 3821 comite
320 3757 462 3824 Ricardo
494 3758 659 3826 existente
683 3760 874 3845 Londoniis,
898 3770 933 3830 et
966 3766 1009 3830 ad
1032 3767 1227 3833 scaccarium
1239 3761 1316 3813 Neve

178 3856 322 3938 sedente,
344 3861 439 3925 venit
470 3861 513 3926 ad
544 3861 653 3949 ipsum
687 3864 829 3930 nuncius
860 3866 998 3951 quidam
1029 3867 1168 3934 festinus
1194 3829 1351 3955 affin

176 3959 293 4036 tristis,
328 3982 497 4027 rumorum
535 3969 570 4030 et
603 3966 775 4031 literarum
807 3967 939 4053 bajulus
973 3969 1226 4050 teterrimarum,
1239 3962 1364 4085 {mle

177 4059 278 4144 hujus
301 4063 474 4129 sententies
506 4069 653 4133 tenorem
686 4069 950 4135 continentium:
984 4068 1115 4139 “Totus
1138 4093 1400 4169 exer-florypanr

178 4163 265 4228 citus
281 4162 489 4230 Christianus
511 4166 548 4232 in
566 4169 668 4235 Terra
691 4170 822 4253 Sancta,
839 4179 994 4240 constans
1016 4196 1059 4240 cx
1081 4177 1229 4242 exercitu
1240 4160 1390 4291 {galthffie

1330 4308 1336 4339 l

214 4431 337 4497 'mupno]
357 4434 563 4486 Onuuerasure⁴
596 4437 679 4487 lnthe
763 4439 867 4490 ²From
887 4442 929 4491 the
950 4442 1047 4493 “Nova
1061 4445 1188 4497 Poctria”
1206 4454 1235 4502 of

179 4511 278 4575 margin
290 4512 311 4561 is
323 4514 403 4562 added
415 4521 438 4562 et
445 4528 544 4578 pompa.
564 4515 678 4575 Iuleo..
731 4517 853 4585 Gcoffrey
883 4522 913 4572 de
942 4521 1073 4574 Vinosaul.
1117 4527 1155 4576 cf.
1180 4532 1230 4584 vol,
1257 4560 1263 4575 ,

180 4592 206 4638 ia
218 4607 304 4656 mapsa
313 4609 402 4659 pompa
415 4600 438 4643 et
447 4601 580 4660 apparatu.
730 4596 758 4646 ii.
771 4613 796 4660 p.
808 4602 864 4649 276.
