3060 5468
318 703 366 753 cn
387 703 548 755 canrosa
569 705 672 758 aucis
693 705 839 759 uusmcr
861 705 984 764 unuuu.
1098 690 1161 767 itt

119 880 235 952 populo,
251 884 281 936 et
303 879 389 951 regni
409 879 604 950 magnatibus.
643 879 852 953 Sclempuitate
875 879 976 951 igitur,
999 883 1033 936 ut
1057 877 1331 950 decuit.3‚n,1ppp.

120 965 272 1036 completa,
293 964 446 1023 Hubertus
470 963 681 1036 justiciarius.
703 1005 710 1023 .
732 1005 738 1024 .
759 970 790 1021 et
812 964 945 1027 omnihus
969 963 1036 1027 aliis
1057 962 1166 1022 adhoc

118 1049 305 1120 congregatis
331 1090 338 1103 .
361 1090 367 1103 .
390 1091 396 1103 .
416 1047 619 1104 transmarinis
647 1065 665 1104 a
691 1047 847 1108 Lndowioo
871 1047 990 1120 perjuro
1016 1050 1047 1114 et
1070 1045 1166 1103 Picta·

118 1135 265 1199 rensibus,
286 1151 370 1189 secus
389 1150 477 1204 quam
495 1131 630 1188 decoret¹
650 1132 829 1204 stupefactis.
866 1133 911 1188 Ex
938 1149 995 1203 quo
1017 1148 1088 1188 casn
1107 1149 1166 1189 nou

119 1218 213 1274 solum
242 1260 248 1274 .
280 1259 286 1272 .
315 1217 403 1275 .sint
427 1216 459 1270 in
476 1234 546 1271 casu
564 1215 612 1272 vel
630 1233 718 1273 caiisa
746 1257 753 1279 .
782 1257 789 1275 .
818 1259 825 1277 .
852 1216 1026 1280 necessaria.
1075 1215 1166 1275 Petiit

119 1319 189 1373 ergo
203 1342 347 1356 .......
363 1307 393 1356 et
404 1299 503 1356 concio
516 1304 584 1364 tota,
597 1299 697 1357 habita
716 1341 723 1356 .
745 1342 752 1359 .
774 1342 781 1361 .
800 1300 871 1357 licet
888 1299 920 1357 id
932 1317 1021 1371 grave
1037 1299 1079 1364 sis
1099 1317 1165 1372 gra·

118 1385 272 1439 vissimum
298 1384 374 1439 foret
400 1383 478 1452 quod
502 1383 680 1456 postulasset
706 1425 713 1442 .
745 1425 750 1438 .
779 1424 785 1441 .
813 1388 843 1441 et
868 1384 975 1445 totiens
1001 1401 1162 1449 concessas,

118 1467 195 1522 omni
221 1468 347 1539 amplius
365 1467 550 1524 cavillatione
568 1474 672 1531 amota,
692 1465 847 1526 concedere
868 1468 1015 1532 voluisset.
1053 1467 1165 1524 Annuit

117 1551 209 1621 igitur
238 1567 289 1605 rex
316 1550 452 1621 benigne,
483 1550 618 1620 precibus
649 1568 683 1605 ao
712 1551 873 1611 rationibus
903 1551 1008 1615 ductus
1045 1568 1164 1607 snorum

117 1634 256 1689 fidelium.
295 1633 392 1689 Oartis
418 1650 533 1704 quoquo
555 1633 687 1706 protinus
712 1635 885 1706 conscriptis
912 1639 943 1695 et
960 1634 1107 1706 sigillatis,
1127 1634 1320 1696 admensus

118 1717 250 1788 singulos
268 1716 385 1788 Anglim
404 1717 559 1775 comitatus
584 1724 671 1775 carta
688 1718 821 1790 protinus
849 1718 1026 1791 diriguntur.
1064 1719 1103 1772 Et
1127 1711 1303 1830 adffgggoe

119 1841 154 1855 ..
177 1842 183 1855 .
205 1842 211 1855 .
236 1800 361 1856 forestae.
400 1800 471 1869 Qua
496 1801 528 1857 in
557 1801 697 1860 Historiis
726 1801 902 1862 Anutlium²
929 1803 1001 1858 1⁰⁰i⁸
1030 1801 1164 1875 Pluribl1⁸
1176 1852 1284 1894 mm

24 1940 30 1953 ,
75 1911 89 1933 .‹
117 1885 224 1955 poterit
241 1884 381 1941 sedulus³
404 1884 529 1956 quisque
553 1885 703 1958 reperire.l
739 1886 820 1942 Tunc
847 1886 1022 1943 constitutus
1048 1890 1093 1942 est
1120 1925 1127 1944 .
1155 1911 1277 1960 qomh

43 1978 51 1991 ·
118 2006 311 2027 .....
347 1969 519 2033 literatorie,
555 1968 591 2023 ab
628 1968 762 2026 omnibus
800 1968 949 2025 observari
976 1969 1162 2041 jubebantur.
1176 1984 1276 2042 coanty.

116 2051 227 2111 Eodem
257 2070 340 2118 anno,
360 2055 391 2108 in
409 2053 456 2108 die
477 2093 714 2112 .........
741 2052 854 2109 civibus
872 2053 1011 2125 porrexit.
1047 2054 1083 2108 In
1101 2054 1164 2126 qui·

23 2143 49 2192 ·.
116 2135 171 2191 bus
191 2177 369 2193 .......
390 2137 476 2193 multi
494 2137 530 2192 de
549 2136 680 2208 partibus
699 2136 769 2202 illis,
788 2138 952 2202 nescientes
971 2137 1019 2194 oui
1037 2137 1163 2195 fructuo-

117 2222 178 2276 sius
197 2221 367 2285 militarent,
389 2222 494 2291 quibus
513 2239 580 2278 cum
598 2221 744 2294 stipendis
762 2262 940 2283 .......
961 2227 992 2278 et
1010 2221 1163 2281 Goruubioe

118 2305 220 2361 literis
240 2306 302 2360 suis
320 2305 543 2362 inscribebatur.
581 2305 797 2380 Dicebaturque
822 2313 944 2371 secreto,
964 2306 1016 2363 sed
1032 2323 1091 2362 non
1108 2305 1165 2361 init
1176 2307 1269 2371 Report
1277 2309 1333 2360 that

120 2390 219 2461 palam
237 2389 445 2462 divulgatum,⁵
462 2391 607 2447 veraciter
630 2392 708 2450 inter
725 2392 839 2453 nobiles
856 2392 905 2449 vel
928 2391 1066 2463 plebeios,
1087 2389 1164 2463 qnod
1176 2373 1294 2440 “¹05³ss

117 2490 168 2528 rsx
180 2480 271 2529 totam
283 2474 468 2531 Wasoouiam
485 2475 513 2529 ei
526 2475 647 2534 dederat
665 2481 696 2532 et
710 2477 913 2537 intentaverat.
945 2476 1050 2547 Itaque
1068 2515 1075 2538 .
1097 2516 1103 2533 .
1125 2515 1132 2531 .
1155 2438 1330 2574 {ffiffiy

118 2563 214 2613 osana
231 2559 404 2624 wasconia,
425 2566 455 2614 et
474 2558 629 2615 rebellium
649 2566 747 2619 castra
769 2566 903 2632 potenter
929 2559 1056 2630 subegit.
1094 2558 1163 2616 Cas·
1178 2580 1205 2623 to
1217 2574 1259 2623 tha
1271 2578 1322 2626 ml

118 2648 198 2698 bum
215 2642 339 2713 Regulus
358 2684 365 2696 .
387 2684 394 2697 .
416 2685 422 2698 .
445 2684 451 2696 .
472 2644 630 2705 revocavit.
666 2644 731 2701 Neo
750 2644 844 2702 adhuc
856 2649 968 2705 certum
987 2643 1054 2708 fuit,
1074 2643 1100 2698 si
1112 2639 1294 2698 rexofCom·

116 2726 163 2782 illi
182 2726 369 2782 wasconiam
387 2727 526 2792 dedisset,
546 2736 580 2784 nt
599 2727 733 2786 dominus
751 2734 839 2786 terna
855 2732 1012 2787 uocaretur
1029 2734 1059 2783 et
1077 2732 1163 2783 esset.
1175 2706 1240 2755 wall·

117 2809 179 2865 Rex
206 2816 304 2866 autem
334 2811 540 2866 Ebancornm.
568 2853 575 2868 .
604 2818 689 2879 ..et
711 2812 949 2875 immorabatur,
969 2811 1164 2869 hostiliteret

115 2899 248 2964 potenter
261 2895 420 2960 venientes,
435 2896 591 2951 comitem.
608 2937 614 2950 .
631 2938 637 2950 .
653 2895 798 2966 adjunctis
811 2897 868 2953 sibi
885 2895 1080 2966 quibusdam.
1103 2937 1109 2952 .
1131 2936 1138 2956 .
1155 2936 1161 2949 .

118 2979 270 3050 fastigiosa
289 2980 360 3034 satis
381 2980 533 3050 prooessit.
573 2978 631 3033 Sed
649 2997 746 3035 comes
761 3021 992 3044 .........
1013 2979 1044 3036 in
1062 2979 1163 3049 fugam

119 3063 260 3134 compulit
273 3063 415 3119 inimicos.
445 3062 522 3131 Quos
543 3104 549 3117 .
572 3104 577 3116 .
600 3104 606 3118 .
628 3063 730 3134 captis,
748 3064 909 3120 vulnerat-is
927 3065 975 3120 vol
994 3062 1163 3119 interfectis.

77 3152 84 3164 ’
117 3147 286 3218 Eodemque
306 3165 379 3201 anno
399 3147 547 3201 Johannes
568 3188 575 3202 .
598 3188 603 3201 .
626 3189 632 3200 .
653 3147 689 3201 de
708 3147 818 3220 Burgo.
859 3148 961 3203 Mense
985 3148 1102 3214 Martio,
1128 3147 1164 3202 de

116 3232 263 3289 communi
276 3231 398 3285 concilio
411 3231 491 3300 regis
506 3236 535 3284 ct
547 3238 727 3300 magnatum,
742 3231 902 3295 Faloasius,
918 3233 973 3287 etsi
985 3232 1163 3304 turpissimae
1175 3223 1275 3274 Ftukefl
1286 3225 1309 3276 1⁸

1176 3294 1307 3342 seutenoed

116 3315 220 3371 mortis
248 3332 317 3369 reus
346 3321 433 3380 esset,
453 3321 554 3368 tamen
573 3314 643 3385 quia
670 3332 723 3385 pro
748 3333 819 3386 rege
846 3314 1005 3388 J[ohanne]
1032 3324 1286 3409 ιθιιιροτθωωῶΘΙ

117 3413 218 3451 werrae
237 3414 268 3450 se
287 3394 388 3449 multis
408 3395 544 3466 opposuit
562 3394 713 3448 laboribus
732 3401 762 3449 et
779 3397 927 3466 periculis,
948 3416 1004 3451 non
1023 3398 1162 3452 membris

118 3479 268 3535 mutilatus
297 3484 342 3533 est
359 3479 407 3532 vel
427 3479 489 3533 vita
514 3479 657 3549 privatus,
679 3478 731 3535 sed
758 3486 898 3550 perpetuo
924 3481 1064 3551 Angliam
1082 3483 1163 3552 obju-

116 3565 204 3620 ravit.
250 3563 397 3634 Praeoepit
424 3580 539 3632 quoque
565 3580 616 3616 rex
643 3563 743 3617 comiti
769 3563 942 3629 Waranniae,
972 3565 1069 3636 ipsum
1096 3607 1102 3620 .
1125 3608 1131 3620 .
1153 3608 1159 3620 .

117 3648 288 3719 impositum
315 3666 348 3702 eo
378 3646 571 3701 irraditurum
600 3647 695 3701 ventis
726 3647 921 3703 committeret
951 3656 981 3704 et
1015 3650 1161 3720 Neptuno.

117 3731 269 3786 Faloasius
291 3738 398 3796 antem,
419 3747 522 3783 navem
551 3747 725 3785 ascensurus
754 3733 941 3801 superlitas,
962 3732 1036 3788 dixit
1062 3733 1162 3789 comiti
1174 3734 1222 3784 His
1233 3750 1298 3786 mes·

118 3833 280 3878 recessuro,
303 3815 463 3869 “Salutate
492 3812 640 3868 dominum
665 3832 763 3868 meum
782 3832 883 3885 regern
901 3816 965 3871 vice
986 3834 1061 3880 mec,
1081 3834 1162 3871 vera-
1173 3811 1270 3866 ⁸⁸8⁰l0

115 3900 190 3956 citer
212 3899 310 3955 dicens
330 3900 366 3963 ci,
389 3896 465 3969 qnod
485 3898 624 3970 quicquid
643 3899 709 3963 feei,
733 3899 874 3956 instinctu
893 3900 948 3954 feci
970 3902 1161 3971 quorumdum
1201 3883 1272 3934 ⁰¹³5·

115 3989 286 4055 mugnctum
323 3982 472 4038 suorum.'’
516 3983 555 4037 Et
592 3983 755 4054 suspiciens
786 3993 816 4038 et
852 3985 1002 4056 suspirans
1038 3986 1159 4052 addidit,

118 4072 137 4095 ‘⁶
149 4069 344 4123 Maledicatur
364 4108 369 4120 .
391 4108 397 4120 .
418 4107 424 4119 .
444 4067 605 4121 nominare.
638 4066 697 4121 Sed
709 4067 842 4123 lecerunt
859 4067 895 4123 de
913 4087 960 4124 me
978 4071 1161 4141 primitivum

115 4153 184 4208 vadi
202 4159 418 4222 temptatorem.
459 4150 598 4221 Scictqno
612 4169 672 4214 rex,
688 4150 765 4222 quod
778 4170 877 4207 omnes
891 4153 956 4208 illos
975 4156 1113 4211 barbaros
1132 4164 1162 4212 et

148 4391 156 4423 ¹
176 4392 203 4440 A
220 4392 289 4440 word
308 4390 329 4438 is
347 4389 407 4438 hore
425 4390 510 4440 erased
527 4389 552 4439 iu
573 4389 614 4438 the
697 4389 836 4457 ³aerledus]
856 4396 960 4455 sedelus,
972 4396 1028 4448 MS.

116 4472 171 4522 MS.
697 4471 707 4502 ⁴
725 4474 846 4538 reperire]
866 4490 986 4540 reperere,
999 4478 1054 4528 MS.

149 4551 159 4583 ³
176 4551 299 4600 Historiis
311 4549 459 4614 Annalium]
480 4550 526 4600 See
544 4559 615 4600 notes
695 4550 705 4581 ⁵
723 4551 893 4618 diculpctum]
930 4556 1087 4620 divulgatum
1115 4567 1160 4618 eat,

116 4632 142 4681 in
154 4631 222 4680 Hist.
236 4630 317 4692 Arpi,
329 4630 354 4679 ii.
371 4635 425 4689 157,
437 4636 493 4678 269.
663 4629 728 4690 MS.
741 4632 785 4681 but
796 4639 831 4683 est
842 4633 864 4683 is
875 4633 1037 4698 superfluous.
