3060 5468
254 733 302 781 nr
324 732 483 781 rsnroar.
506 732 606 780 naurs
629 731 786 796 sanarer,
809 730 875 779 viz.
899 730 1024 780 rnarrr.
1096 716 1157 778 141

112 924 180 978 que,
201 924 267 977 quae
286 905 433 961 mandatis
460 902 629 977 apostolicis
648 903 853 967 adversantur,
872 901 1044 972 paternnm¹
1063 902 1162 957 zelans
1175 897 1243 949 AD.
1259 907 1331 956 12⁵8.

112 993 263 1055 honorem,
284 990 424 1045 adversor
443 996 473 1045 et
490 989 584 1044 obsto.
631 987 680 1042 Ad
706 993 865 1058 utrumque
893 984 991 1042 euim¹
1009 992 1111 1042 teneor
1128 1003 1164 1040 ex

112 1077 213 1131 divino
231 1074 376 1130 mandato.
413 1074 585 1146 Apostolica
603 1073 683 1128 enim
700 1072 838 1128 mandata
854 1090 911 1127 non
930 1076 1007 1136 sunt,
1026 1089 1081 1127 uec
1100 1088 1164 1127 esse

112 1165 244 1231 possunt,
264 1159 323 1214 alia
341 1174 429 1230 quam
457 1155 675 1229 apostolorum³
691 1156 841 1221 doctrinae,
869 1162 900 1212 et
923 1155 1017 1226 ipsius
1045 1154 1164 1211 Domini

113 1244 223 1299 nostri⁴
245 1243 340 1298 Jhesu
359 1242 481 1307 Christi,
502 1241 701 1313 apostolorum
727 1240 865 1311 magistri
883 1246 914 1295 et
930 1239 1060 1304 Domini,
1080 1240 1165 1310 cnjus

113 1328 208 1398 tipum
227 1333 257 1382 et
274 1344 429 1398 personam
451 1326 579 1381 maxime
601 1324 681 1396 gerit
703 1325 734 1378 in
754 1322 927 1395 gerarchia¹
946 1321 1098 1379 ecclesiae¹
1116 1322 1166 1378 do·

112 1411 210 1466 minus
228 1429 312 1482 papa,
333 1428 459 1466 consona
478 1415 508 1465 et
525 1407 706 1466 conformia.¹
752 1409 805 1464 Ait
823 1408 902 1464 enim
933 1408 996 1479 ipse
1021 1407 1165 1462 Dominus

114 1500 214 1549 noster
234 1495 253 1549 J
254 1495 342 1550 hesus
357 1493 505 1559 Christus,
521 1497 539 1521 ‘¹
550 1492 607 1562 Qui
624 1510 681 1547 non
694 1497 740 1547 est
751 1510 876 1557 mecum,
891 1496 994 1547 contra
1005 1508 1053 1546 me
1066 1489 1163 1546 est.”¹

116 1578 226 1634 Contra
243 1580 342 1650 ipsum
360 1583 460 1633 autem
477 1595 531 1633 nec
551 1584 605 1642 est,
625 1594 679 1632 nec
698 1593 763 1631 esse
781 1582 880 1648 potest
898 1574 1067 1649 apostolicas
1086 1575 1165 1631 sedis

116 1663 258 1718 sanctitas
277 1662 471 1717 divinissima.
509 1660 576 1716 Non
603 1664 649 1716 est
675 1660 770 1732 igitur
787 1660 936 1730 praedicta
954 1659 1062 1715 litteras
1081 1665 1165 1714 tenor

116 1746 283 1817 apostolica
302 1745 451 1800 sanctitati
470 1762 623 1808 consonus,
644 1743 697 1798 sed
715 1743 842 1798 absonus
859 1743 1023 1813 plurimum
1050 1748 1081 1797 et
1105 1741 1165 1797 dis·

115 1847 191 1886 cors.
228 1828 339 1893 Primo,
354 1828 425 1898 quia
442 1827 479 1883 da
496 1827 578 1882 illius
597 1826 704 1882 litterae
723 1831 753 1881 et
771 1825 818 1881 ei¹
838 1825 1035 1881 consimilium
1045 1824 1066 1857 ¹⁰
1076 1826 1165 1896 longe

115 1914 235 1983 lateque
253 1913 455 1982 dispersarum
480 1909 767 1982 super-accumulato
794 1909 889 1965 “Non
917 1909 1082 1974 obstente,’'
1107 1927 1166 1964 non

115 2014 151 2052 ex
182 1996 259 2066 legis
290 1994 434 2050 naturalis
465 1993 655 2049 observanda
689 1993 867 2049 necessitate
902 1993 1034 2058 inducto,
1072 1999 1166 2050 scatet

115 2078 324 2134 cathaolismus
343 2079 556 2142 inconstantiae,
576 2077 706 2132 audaciae
725 2083 756 2132 et
775 2077 974 2147 procacitatis,
994 2077 1165 2132 invereciur-

114 2162 171 2217 diae
184 2160 203 2194 ¹¹
224 2162 393 2228 mentiendi,
414 2160 569 2225 fallendi,¹²
592 2161 755 2216 diffidenter
766 2159 785 2193 ¹¹
806 2159 924 2216 alicui¹⁴
948 2160 1097 2224 credendi,
1118 2160 1165 2215 vel

113 2245 201 2301 fidem
219 2243 392 2310 adhibendi,
419 2251 449 2299 et
467 2262 502 2299 ex
520 2244 579 2299 hiis
597 2245 840 2315 consequentium
857 2244 1009 2308 vitiorum,
1036 2261 1162 2314 quorum

111 2347 170 2385 non
188 2334 400 2393 estmorae,
422 2328 598 2383 Christianae
628 2327 781 2399 religionis
800 2328 969 2400 puritatem,
991 2335 1021 2383 et
1048 2326 1164 2383 socialis

113 2413 343 2469 conversationis
362 2411 514 2466 hominum
532 2411 779 2482 tranquillitatem
797 2429 983 2467 commovens
1003 2416 1033 2466 at
1050 2417 1166 2482 pertur-

114 2497 196 2552 bans.
233 2496 391 2559 Praeterea,
412 2501 478 2566 post
502 2500 655 2566 peccatum
683 2495 826 2560 Luciferi,
846 2495 926 2566 quod
951 2496 1031 2550 idem
1057 2495 1114 2551 erit
1132 2495 1163 2550 in

114 2580 170 2634 flue
200 2585 365 2650 temporum
403 2577 496 2649 ipsius
534 2577 588 2632 filii
617 2578 793 2649 perditionis
823 2578 1010 2643 Antichristi,
1045 2581 1063 2606 ‘¹
1076 2595 1165 2650 quem

113 2663 272 2718 interficiet
289 2661 433 2717 Dominus
453 2661 561 2731 spiritu
579 2661 640 2716 oris
659 2659 758 2726 sui,''¹¹
775 2668 900 2726 nonest,
913 2679 969 2716 uec
987 2679 1052 2717 esse
1070 2667 1167 2733 potest

115 2746 241 2801 alterum
260 2763 354 2816 genus
372 2744 486 2816 peccati
504 2750 566 2799 tam
584 2743 742 2799 adversum
768 2750 799 2800 et
823 2745 1002 2800 contrarium
1021 2746 1165 2816 apostolo-

113 2848 180 2884 rum
207 2828 347 2883 doctrinae
373 2833 404 2882 et
421 2827 608 2897 evangeliea,
629 2827 688 2882 et¹⁶
706 2828 764 2898 ipsi
784 2826 909 2883 Domino
935 2828 1030 2884 Jhesu
1048 2828 1167 2884 Christo

114 2919 175 2987 tam
199 2912 317 2977 odibile,
338 2911 522 2976 detestabile,
552 2918 582 2967 et
609 2910 699 2967 tam¹⁷
718 2912 924 2976 abominabile,
945 2930 1034 2983 quam
1053 2914 1166 2968 animas

152 3194 159 3225 ¹
168 3193 311 3259 paternum]
325 3194 487 3256 parentalem,
495 3194 562 3245 Coit.
571 3196 621 3244 and
665 3194 748 3244 Paris:
768 3198 783 3222 “
793 3211 838 3258 per
855 3195 903 3244 hoc
915 3197 981 3259 quod
1001 3194 1095 3246 dicitur
1110 3213 1167 3245 con-

115 3274 163 3323 Lu.
198 3274 228 3322 In
247 3272 312 3322 Coti.
331 3273 400 3322 there
419 3273 440 3323 is
460 3289 475 3323 a
495 3274 622 3338 marginal
664 3272 785 3333 similium,
797 3274 936 3324 involvitur
946 3275 1113 3339 reprehensio,
1121 3278 1165 3327 sed

115 3355 192 3418 gloss,
206 3351 232 3400 id
242 3360 287 3413 eet,
295 3360 432 3415 paternam.
666 3353 751 3413 tacita,
763 3353 896 3415 doncuria,
908 3354 1023 3419 symonia
1036 3361 1062 3405 et
1072 3355 1167 3419 rapina,

150 3430 254 3495 ¹em'm]
286 3429 361 3479 After
385 3430 434 3480 this
459 3433 530 3481 word
554 3431 621 3482 Coit.
666 3447 722 3495 quas
740 3431 769 3480 ili
789 3447 834 3495 per
852 3432 1021 3493 Provisiones,
1035 3450 1097 3499 quas
1116 3437 1168 3484 Ro·

116 3511 165 3561 and
177 3510 224 3559 Lu.
234 3508 320 3569 insert,
334 3506 443 3558 similiter
455 3517 478 3559 et
488 3508 620 3574 aqualiter.
667 3525 741 3559 mana
758 3511 836 3561 Curia
853 3512 986 3563 committit
1004 3514 1167 3577 impudenter.

152 3588 162 3619 ¹
182 3586 355 3653 apostoloram]
376 3589 529 3652 apostoliea,
542 3590 572 3642 ll.
667 3588 791 3653 Cogitque
802 3604 849 3639 nos
860 3592 965 3642 subdere
973 3591 1038 3641 colla
1048 3592 1169 3642 usurariis

150 3668 270 3732 ⁴nortn]
293 3666 408 3717 OmLu
667 3682 724 3717 suas
739 3669 975 3733 peroppressiones.
1010 3671 1096 3720 Usura
1111 3687 1168 3734 pro-

150 3749 161 3779 ⁵
177 3745 322 3811 gerarclio]
344 3745 379 3795 So
390 3746 533 3806 alsoCott.;
545 3748 621 3798 iersr-
666 3745 739 3807 secto,
752 3762 827 3810 quam
844 3749 960 3812 exemplo
979 3748 1054 3802 etiam
1076 3750 1171 3800 Roma-

118 3827 183 3884 chin,
194 3827 223 3875 E.
237 3827 285 3875 and
303 3824 392 3875 cheth.
427 3826 458 3874 In
475 3826 622 3878 ourMS.a
666 3840 758 3875 norum
769 3826 828 3876 laici
840 3835 1008 3886 excercert,
1020 3828 1047 3877 in
1065 3836 1169 3893 utroque

118 3907 180 3955 later
198 3905 268 3954 hand
285 3905 330 3954 has
349 3903 490 3962 interlined,
509 3908 525 3932 “
534 3905 560 3954 id
577 3913 622 3964 est,
668 3904 829 3956 Testameuto
840 3905 1014 3969 prohibetur.”

119 3984 262 4049 potestate.”
701 3982 718 4014 ¹¹
739 3984 939 4051 inverecundia]
984 3987 1169 4050 inverecundo,

153 4063 163 4094 ⁶
181 4062 299 4129 ecclesio]
314 4063 489 4124 ecelesiastica,
498 4063 623 4116 Cott.snd
668 4062 754 4121 Coit,
772 4063 848 4113 etism
859 4063 1053 4127 inverecundia,
1064 4067 1112 4118 Lu.

119 4142 166 4192 Lu
701 4140 721 4172 ¹²
731 4140 855 4207 fallendi]
876 4149 902 4193 et
912 4143 1021 4207 fallendi,
1033 4146 1080 4196 Lu.

153 4221 163 4257 i
180 4222 323 4288 conformia]
360 4222 496 4282 conforma,
516 4221 622 4281 cheth.;
701 4220 877 4288 ¹¹diffidenier]
889 4224 1170 4285 diffidentiae,Cott.an‹l

119 4299 265 4359 conformia,
277 4300 325 4349 Lu.
668 4299 715 4349 Lu.
727 4322 735 4360 ;
755 4300 1003 4363 daemomonem.

152 4378 162 4408 ⁸
179 4378 268 4429 Manli.
281 4379 327 4428 xii.
340 4385 380 4428 30.
703 4378 722 4410 ¹⁴
736 4377 825 4445 alicui]
845 4380 970 4445 cuiquam,
982 4383 1048 4435 Coit.
1060 4386 1111 4435 and
1123 4386 1170 4435 Im.

152 4459 162 4488 ¹¹
180 4457 216 4523 ei]
235 4457 341 4506 aliarum
352 4455 382 4517 ei,
396 4456 441 4506 Lu.
703 4459 721 4491 ¹⁵
740 4460 854 4513 arnas.
867 4460 894 4512 ii.
905 4468 927 4512 8.

154 4535 173 4567 ¹¹
190 4535 361 4600 consimilium]
384 4536 413 4584 ln
425 4535 491 4586 com
510 4537 532 4585 is
544 4537 624 4587 added
704 4538 723 4570 ¹⁸
740 4539 896 4606 evariyelieoe]
916 4543 1072 4607 evangelice,
1085 4544 1140 4594 MS.

119 4616 171 4667 this
200 4615 323 4680 marginal
353 4624 412 4665 note
439 4616 474 4679 by
503 4615 622 4667 Mattherr
645 4654 647 4679 2
704 4617 723 4654 ¹⁷
741 4620 801 4684 tam]
823 4619 879 4671 Om.
895 4619 933 4681 E,
946 4621 1152 4674 Cheth.andLu.
