3060 5474
338 758 385 809 ns
407 761 567 811 taurona
590 762 691 810 naurs
715 757 871 824 nesarci,
896 760 962 809 vrz.
986 759 1110 810 rearn.
1204 747 1244 809 41

193 931 365 996 nasterium,
394 939 512 1004 propter
537 933 787 1005 predecessorum
815 950 936 987 suorum
962 931 1184 1003 negligentiam,
1211 931 1332 991 sitan.
1351 918 1438 990 12⁴ss

194 1014 225 1067 in
237 1014 305 1078 hiis,
321 1034 386 1086 qum
404 1017 442 1072 ad
456 1018 650 1073 monasticum
662 1018 795 1072 ordinem
806 1017 964 1088 pertinent,
979 1015 1182 1080 deformatum,
1197 1034 1251 1072 nec

195 1098 361 1155 inveniatur
380 1101 410 1154 in
428 1102 561 1172 partibus
576 1102 636 1157 illis
655 1102 707 1172 qui
726 1108 838 1157 statuta
857 1107 887 1156 ct
904 1102 1106 1157 observantias
1119 1099 1251 1171 ejusdem

195 1181 314 1239 Ordinis
332 1184 406 1239 benc
425 1186 507 1249 sciat,
527 1204 590 1253 nos,
611 1185 648 1240 ad
667 1187 912 1258 supplicationem
938 1187 1031 1258 ipsius
1050 1186 1175 1251 abbatis,
1194 1185 1253 1240 dis·

194 1268 370 1323 cretionem¹
389 1276 470 1325 tuam
488 1289 628 1343 rogamus
646 1271 788 1327 attentius
807 1277 838 1326 et
850 1270 1014 1336 hortamur,
1029 1289 1082 1342 per
1095 1270 1255 1344 apostolica

195 1352 250 1406 tibi
269 1354 379 1425 scripta
396 1355 577 1421 mandantes,
598 1357 736 1427 quatinus
765 1355 908 1411 dilectum
927 1355 1032 1421 filium,
1053 1357 1175 1411 fratrem
1192 1354 1255 1409 Ma·

195 1436 319 1503 theum,²
336 1439 511 1495 monachum
529 1447 623 1506 tuum,
642 1441 693 1513 qui
706 1442 816 1497 dicitur
828 1441 958 1512 probatur
971 1441 1040 1496 vitae
1054 1459 1088 1496 ac
1100 1438 1254 1511 religionis

195 1527 332 1592 expertes,
346 1523 384 1577 ad
395 1523 473 1578 idem
485 1526 705 1590 monasterinm,
720 1534 753 1581 ut
765 1525 877 1581 dictum
889 1525 1025 1580 abbatem
1047 1531 1078 1579 et
1099 1523 1255 1578 monachos

196 1624 266 1661 suos
291 1607 323 1661 in
351 1608 538 1680 regularibus
563 1610 729 1681 disciplinis
756 1616 786 1665 et
813 1609 943 1674 statutis,
973 1627 1038 1679 quar
1066 1608 1103 1663 ad
1130 1607 1255 1663 eundem

196 1689 337 1746 Ordinem
367 1693 523 1762 pertinent,
556 1694 694 1749 informet
724 1703 754 1750 ct
790 1694 928 1757 instruat,
965 1693 1174 1757 transmittere,
1202 1710 1254 1763 pro

196 1773 297 1830 divina
314 1782 344 1831 et
361 1778 527 1848 apostolicae
547 1778 626 1834 sedis
645 1797 679 1834 ac
697 1784 798 1834 nostra
815 1777 988 1842 reverentia,
1010 1795 1067 1832 non
1086 1785 1252 1849 postponas⁴

196 1856 307 1914 Datum
333 1860 481 1932 Lugduni,
507 1881 535 1917 v.
564 1861 703 1919 kalendas
734 1863 916 1927 Decembris,
945 1861 1132 1934 pontificatus
1162 1859 1255 1916 nostri
1291 1863 1321 1912 a?
1335 1860 1401 1911 Nov-

202 1962 277 1999 anno
295 1945 378 1999 v⁰.'’³

244 2029 421 2094 Sciendum
443 2053 581 2118 quoquc,
605 2033 693 2118 quod
716 2033 752 2097 in
775 2054 876 2118 regno
900 2030 1089 2119 Norwagiae
1114 2031 1387 2123 [interprenda-

198 2153 313 2196 omnes
337 2134 454 2199 domus
477 2135 706 2222 religiosorum
729 2135 829 2222 Nigri
862 2135 999 2201 Ordinis
1033 2133 1255 2221 supereminet
1268 2113 1412 2244 {¹sssssser

198 2234 257 2298 illa
278 2235 404 2315 domus,
428 2259 503 2322 quae
527 2238 650 2303 dicitur
672 2239 809 2303 abbatia
843 2239 883 2303 de
920 2238 1031 2319 Holm,
1063 2244 1098 2302 et
1132 2241 1182 2302 est
1214 2236 1384 2300 dellolmin

198 2336 321 2402 Sancto
344 2338 532 2407 Benedicto.
593 2340 639 2406 Et
661 2341 767 2427 ipsam
790 2341 947 2406 fundavit
977 2363 1036 2406 rex
1060 2340 1254 2427 magnificus
1266 2312 1389 2380 ΝΟΜ·

197 2439 337 2526 Angliae,
361 2442 473 2508 Daciae
505 2449 540 2508 et
573 2444 762 2530 Norwagiae
785 2445 905 2523 Onut0,
932 2444 989 2529 qni
1013 2449 1048 2508 et
1070 2443 1106 2507 in
1130 2443 1255 2529 Anglia

198 2543 364 2628 quandam
388 2546 523 2610 domum
546 2545 705 2611 fundavit
737 2545 953 2612 inhonorem
978 2545 1123 2632 ejusdem
1147 2542 1255 2611 sancti

200 2646 383 2726 Benedicti,
408 2648 562 2715 videlicet
585 2649 631 2713 sic
653 2650 871 2729 nominatam,
896 2648 1011 2713 Sancti
1026 2648 1198 2713 Benedicti
1215 2648 1255 2713 dc

200 2747 312 2814 Holm.
359 2750 405 2814 Et
439 2751 526 2817 idem
561 2772 621 2816 rex
659 2750 828 2816 abbatiam
863 2749 1101 2815 nobilissimam
1141 2750 1255 2815 Sancti

200 2850 372 2917 Edmundi
395 2852 622 2934 instauravit,5
644 2854 827 2941 ampliavit,
845 2859 880 2919 et
894 2853 1070 2918 monachos
1086 2849 1257 2918 instituit.⁶

201 2955 380 3021 Sciendum
414 2959 557 3045 insuper,
586 2958 674 3045 quod
708 2959 743 3022 in
776 2980 877 3044 regno
910 2962 1098 3032 memorato,
1133 2957 1256 3022 scilieet
1270 2969 1404 3035 ntbeyor

200 3059 391 3148 Norwagia,
428 3063 463 3126 in
498 3069 611 3127 monte
646 3062 747 3127 Sellio
778 3068 829 3127 est
863 3060 1014 3147 quaedam
1046 3059 1181 3124 abbatia
1215 3038 1423 3171 deffpiiffly'

201 3162 324 3229 Sancto
348 3164 486 3242 Albano,
510 3165 696 3251 Anglorum
719 3160 995 3251 prothomartire.⁷

202 3342 232 3353 .-
247 3343 474 3351 -——..-.————
883 3336 1251 3347 ffl——n—.———-—

238 3441 429 3511 'discretionem
440 3442 641 3503 discrescionem‚
650 3443 705 3494 MS.
785 3442 795 3473 ⁴
814 3441 888 3507 inter]
910 3443 1021 3493 Omitted
1033 3438 1060 3491 in
1073 3441 1129 3492 MS.

236 3525 246 3556 ²
264 3524 414 3590 Mortuum]
435 3525 547 3574 Written
565 3509 663 3572 ,diatim
679 3523 706 3573 in
785 3521 795 3551 ⁵
814 3522 977 3587 instauravit]
999 3523 1039 3573 On
1052 3538 1084 3572 an
1098 3537 1203 3572 erasure.

203 3605 246 3656 the
259 3613 321 3666 text,
333 3606 384 3654 and
396 3603 523 3654 Muttenra
540 3603 567 3652 in
587 3603 629 3653 the
640 3618 706 3653 mar·
785 3600 796 3631 ⁶
813 3598 940 3666 anapliceit
956 3639 963 3653 .
982 3639 988 3652 .
1005 3638 1012 3652 .
1032 3603 1148 3666 institnit]
1163 3602 1254 3653 Added

203 3685 248 3751 gin
265 3687 352 3736 above.
751 3680 778 3729 in
790 3694 870 3746 marg.

237 3765 329 3814 ³This
358 3765 415 3815 date
438 3764 468 3813 of
492 3765 523 3814 27
548 3763 613 3813 Non.
643 3766 705 3813 12⁴7
786 3759 1255 3826 7FromthowordsEcdemqueonnc

203 3843 357 3910 (rechoning
379 3846 445 3894 from
473 3842 517 3893 the
545 3841 652 3893 electiori
681 3842 712 3890 of
745 3841 832 3904 frater
847 3839 975 3890 Matboeus
992 3879 998 3890 ,
1016 3879 1023 3891 .
1041 3880 1047 3891 .
1066 3848 1093 3891 to
1109 3842 1196 3905 nearly
1213 3842 1255 3891 the

203 3939 269 3988 pope
279 3924 405 3974 Innocent
415 3924 442 3972 in
452 3923 521 3973 June
536 3925 613 3984 1243)
630 3922 707 3971 isnot
753 3922 801 3969 end
821 3920 852 3969 of
870 3921 913 3970 the
931 3920 1043 3985 chapter,
1061 3937 1076 3970 a
1097 3922 1141 3970 red
1158 3921 1210 3971 line
1233 3920 1256 3971 is

203 4003 281 4067 given
303 4004 329 4052 in
353 4005 384 4054 B.
397 4004 426 4054 C.
460 4002 578 4053 Another
600 4017 664 4065 copy
681 4002 711 4049 of
753 4001 840 4049 drawn
858 4000 1078 4065 perpendicularly
1091 4001 1117 4049 in
1130 4000 1173 4050 the
1190 4015 1256 4050 mar·

204 4082 256 4131 this
275 4083 346 4133 letter
363 4084 383 4133 ie
400 4082 502 4133 entered
521 4082 548 4131 in
569 4081 611 4131 the
629 4081 707 4130 hand·
753 4080 807 4143 gin,
818 4080 970 4144 connecting
982 4080 1024 4131 the
1035 4081 1154 4145 syllables
1171 4081 1201 4129 of
1213 4080 1255 4129 the

204 4161 307 4226 writing
329 4164 358 4213 ot*
377 4162 498 4213 Mattbew
523 4161 596 4210 Puris
618 4160 644 4209 in
665 4162 708 4210 the
753 4162 835 4209 words
858 4159 923 4210 “Nc
945 4162 1111 4218 cu-re-tur,·''
1132 4161 1255 4224 probably

205 4241 312 4290 “Liber
338 4241 605 4298 Additamentorum,”
636 4241 706 4306 [MS.
753 4250 837 4289 meant
862 4242 895 4304 by
919 4239 961 4290 the
984 4241 1074 4290 author
1097 4248 1123 4288 to
1146 4240 1255 4289 indicate

205 4321 275 4370 Cott.
286 4319 393 4371 Nerol).
402 4321 421 4372 L
431 4321 447 4372 f.
459 4326 489 4370 92
498 4320 534 4384 b,]
547 4321 592 4370 but
603 4320 709 4371 without
754 4319 809 4371 that
820 4321 871 4371 this
883 4322 983 4385 portion
996 4322 1086 4372 should
1104 4323 1133 4370 bc
1151 4320 1256 4370 omitted

205 4399 273 4450 date.
320 4439 326 4452 .
753 4402 788 4466 by
801 4401 844 4452 the
856 4402 969 4466 copyists
980 4402 1009 4451 oi
1018 4401 1058 4451 his
1070 4403 1148 4452 work.
