3060 5468
292 713 339 762 DE
360 711 519 762 emona
542 710 642 761 anule
664 711 820 774 Enuulol,
843 710 909 761 m.
932 710 1057 762 namu.
1153 701 1188 760 5l

146 886 282 953 fuerant
313 887 351 952 in
374 888 475 953 Terra
497 888 621 954 Sancta
643 886 851 952 Ohorosmini
874 909 943 954 sese
975 887 1018 951 ad
1040 870 1193 966 invicem,
1208 899 1276 952 an.
1291 908 1366 956 raas.

147 989 222 1057 Deo
244 992 363 1070 ultore,
384 991 478 1077 cujus
500 989 612 1056 natale
634 990 741 1055 solnm
763 990 1066 1077 coinquinaverant,
1090 990 1194 1055 inter·
1208 989 1286 1107 {aa}
1294 991 1359 1108 flrom

145 1091 300 1161 fecerant
360 1093 527 1180 Principes
564 1115 693 1180 quoque
724 1093 993 1182 sarracenorum,
1031 1093 1089 1178 qui
1126 1072 1330 1174 sesc1„‘³„,1,⁰y

143 1198 273 1284 guerris
303 1196 432 1263 mutuis
464 1196 714 1275 infestaverant,
737 1200 852 1263 contra
882 1196 970 1284 regis
992 1196 1195 1262 Francorum

143 1301 328 1367 adventum
342 1301 531 1367 concordati
553 1304 641 1367 sunt.
687 1299 853 1367 Solbanou
874 1307 987 1367 autem
1001 1299 1194 1379 Babiloniae,

144 1404 203 1490 qui
225 1405 281 1470 vel
302 1424 414 1470 eormn
436 1403 631 1491 praeoipuus,
654 1403 709 1469 vel
730 1403 772 1469 de
794 1403 969 1490 praecipuis
991 1425 1060 1470 esse
1082 1404 1194 1469 dinos-

143 1506 240 1586 citur,
273 1507 381 1573 eidem
413 1507 484 1594 regi
515 1506 726 1592 significavit,
758 1507 846 1592 quod
879 1506 1051 1572 Sarraceni
1084 1506 1194 1594 ipsum

143 1630 255 1697 regem
276 1615 313 1676 et
343 1609 413 1694 ejus
443 1609 634 1687 exercitum,
666 1610 695 1674 si
725 1609 762 1674 in
793 1609 930 1694 decuplo
962 1609 1069 1694 major
1099 1615 1193 1685 esset,

142 1713 265 1778 alacres
297 1717 483 1800 expectant,
517 1717 558 1777 ut
595 1711 722 1777 bellum
759 1716 932 1777 conserant
969 1733 1044 1776 cum
1077 1712 1193 1778 eodem

142 1820 325 1903 campestre
356 1839 393 1881 ac
430 1817 608 1903 generale;
652 1819 688 1881 et
721 1814 775 1881 cui
806 1835 875 1881 sore
908 1814 1082 1881 victoriam
1117 1835 1194 1880 con·

100 1947 109 1962 ·
142 1919 268 1999 tulerit,
290 1923 441 2007 optatam
463 1923 578 1984 teneat
603 1917 837 1984 monarchiam.

264 2185 313 2252 Dc
334 2186 553 2273 mappalibus
575 2187 768 2255 Loadoaa'is
790 2186 1071 2256 omccoabeata’bue.

188 2343 244 2408 Ad
277 2338 424 2411 clausum
448 2346 574 2412 Pascha
605 2351 833 2414 convenerunt
864 2352 1038 2436 magnates
1059 2347 1193 2435 Angliee
1226 2352 1349 2426 11Aprll.

143 2445 335 2526 Londoniis,
368 2455 416 2528 ut,
449 2450 538 2536 quod
575 2449 729 2515 dominus
764 2472 825 2516 rex
862 2472 949 2537 saepe
987 2452 1192 2538 promiserat,
1206 2459 1361 2527 Meetingof

143 2549 262 2616 saltem
296 2555 377 2617 tuno
407 2551 582 2618 benivolus
619 2554 825 2639 adimpleret,
856 2554 1013 2620 videlicet
1044 2554 1084 2620 de
1117 2526 1347 2647 can-{lffiffss

144 2653 282 2731 cellario,
301 2653 487 2739 justiciario
510 2661 545 2722 et
567 2656 773 2722 thesaurario
795 2677 855 2744 per
869 2677 1078 2722 communam
1099 2659 1193 2745 regni
1206 2661 1290 2713 whose
1302 2633 1356 2713 Μ’

143 2757 395 2822 constituendia
452 2758 517 2823 Sed
551 2779 625 2824 cum
658 2760 769 2824 omnia
805 2760 1059 2846 postularentur,
1093 2759 1194 2826 breve
1205 2730 1349 2863 ssffiss

142 2879 336 2945 responsum
358 2865 580 2946 reportarunt,
596 2860 760 2941 videlicet,
785 2863 874 2948 quod
895 2864 994 2928 nimie
1017 2864 1195 2950 cupiebant
1206 2861 1250 2911 the
1261 2861 1333 2928 king.

143 2963 317 3028 dominum
340 2985 437 3028 suum
460 2964 497 3029 in
520 2965 717 3030 servitutem
738 2967 895 3053 redigere,
919 2971 967 3044 ut,
990 2966 1079 3051 quod
1102 2968 1194 3031 ouili-

142 3063 202 3131 bet
223 3086 337 3130 eorum
362 3063 450 3160 'licet
472 3065 586 3146 lacere,
611 3065 719 3132 eidem
741 3067 845 3133 lacere
879 3088 947 3132 non
980 3065 1100 3133 liceret.
1149 3069 1194 3133 Et

144 3167 190 3232 sio
213 3168 368 3234 dominus
403 3190 461 3232 rex
494 3167 538 3232 ad
572 3169 731 3235 ulteriora
762 3164 818 3235 se¹
842 3167 1018 3235 transtulit
1048 3168 1118 3256 jam
1145 3193 1193 3236 re-

143 3274 263 3337 motus.

166 3519 215 3586 Dc
229 3520 406 3606 fratribus
428 3521 719 3589 Pccedtoatocc'bue
740 3529 770 3589 et
791 3521 989 3590 Minoribus
1011 3523 1051 3590 ‹lc
1076 3522 1180 3591 Gracc

528 3622 810 3712 predicantibus.
1014 3629 1018 3639 '

188 3769 388 3859 Eisdemque
419 3762 634 3861 temporibus,
657 3772 775 3840 fratres
796 3772 1042 3842 ·Praedicatores
1072 3782 1106 3843 et
1129 3774 1194 3842 Mi-

142 3896 238 3940 nores
261 3876 555 3963 praedicationibus
578 3877 646 3942 suis
668 3875 905 3958 intendentea2
927 3902 1054 3945 necnon
1077 3886 1111 3946 et
1134 3879 1193 3945 alii

142 3979 178 4043 in
200 3980 322 4067 peritia
355 3981 558 4068 praedicandi
590 3982 739 4070 expediti
773 3987 808 4047 et
831 3983 962 4063 eruditi,
985 3985 1193 4071 praedicando

143 4135 240 4144 ...-.-—
391 4138 667 4145 --—.—.-—..-—-.-
856 4142 1078 4149 ——-.—.
1087 4145 1193 4151 ——am

176 4219 183 4249 ¹
198 4218 366 4284 postularetur
383 4255 391 4272 .
407 4255 414 4270 .
433 4255 440 4270 .
457 4256 464 4270 .
482 4219 596 4269 ulteriora
608 4221 647 4285 ae]
693 4238 728 4282 ce,
740 4230 767 4269 ut
777 4221 910 4285 dicebatur,
919 4226 998 4289 protis
1015 4224 1194 4287 absentaverat,

143 4297 251 4349 Written
264 4315 297 4348 on
309 4315 324 4349 a
335 4300 407 4363 piace
418 4300 448 4349 of
455 4300 550 4350 vellum
561 4301 649 4363 posted
689 4318 843 4366 propreesam
855 4305 942 4368 nepoti
949 4306 1049 4370 penitas
1066 4306 1194 4371 impedivit.

143 4392 202 4428 over
219 4379 261 4429 tha
284 4378 393 4443 original
411 4385 474 4440 text,
497 4378 589 4439 which,
611 4379 648 4428 al-
693 4379 737 4429 Ab
750 4391 836 4446 partes
855 4384 918 4433 enim
941 4384 1068 4434 Ccmubioe
1091 4405 1116 4436 cc
1138 4393 1195 4435 onte

143 4456 238 4523 though
250 4459 368 4523 partielly
379 4461 474 4520 erased,
486 4475 533 4509 can
546 4460 577 4509 be
587 4461 648 4509 read
692 4460 742 4521 boo,
753 4465 825 4526 puori
835 4481 866 4513 ex
879 4463 1015 4525 industrio,
1032 4468 1119 4531 nearly
1130 4483 1157 4517 as
1169 4467 1196 4514 in

144 4532 207 4597 thus,
217 4555 244 4586 ce
264 4540 395 4587 canaam
413 4546 541 4602 sperarent
559 4555 646 4604 accep·
690 4540 721 4591 B.
735 4541 765 4593 C.
777 4545 828 4607 (ed.
840 4544 921 4605 Wats,
933 4561 957 4610 p.
971 4548 1041 4611 765).

145 4621 215 4676 laroc,
233 4620 325 4667 comitis
343 4618 450 4668 Rr'cardi
469 4618 587 4679 absentio,
604 4620 646 4681 qai
724 4620 734 4652 ²
750 4623 912 4690 intendentes]
931 4623 1025 4676 Added
1036 4624 1063 4675 in
1074 4638 1153 4691 marg.

994 4709 1060 4770 n2
