3060 5468
295 728 344 780 nn
365 728 525 779 ammom
547 728 649 778 sams
671 727 827 791 naama,
850 726 917 777 v1z.
940 726 1064 776 marn.
1142 712 1204 780 109

153 905 314 978 apostolica
330 903 414 958 vobis
439 901 548 974 scripta
565 902 747 968 mandantes,
768 901 907 974 quatinus
934 901 1030 957 cidem
1057 899 1207 972 capellano
1217 900 1372 954 Lutati.

152 991 262 1045 dictam
281 987 436 1042 ecclesiam
459 1003 527 1042 cum
552 987 611 1041 alia
637 986 763 1042 ecclesia
786 987 883 1058 primo
909 990 1058 1050 vacatura,
1079 1002 1144 1055 quae
1169 982 1207 1038 ad

152 1070 408 1146 praesentationem
427 1075 557 1126 vestram
577 1075 710 1142 spectare
727 1074 875 1134 noscatur,
895 1086 983 1140 quam
1001 1069 1091 1124 etiam
1109 1067 1206 1122 dictus

153 1156 331 1228 capellanus,
360 1154 409 1210 vel
435 1154 500 1225 ejus
527 1161 708 1226 procurator,
740 1153 857 1209 duxerit
881 1152 1098 1225 acceptandam,
1129 1168 1207 1207 com·

153 1240 286 1304 mutetis,
304 1237 388 1293 illam
406 1237 555 1294 donationi
580 1244 688 1294 nostra
714 1236 922 1292 nihilominus¹
946 1236 1143 1303 reservando;
1162 1235 1206 1290 in-

153 1326 317 1384 hibitione²
337 1345 391 1384 seu
413 1323 613 1381 reservatione
641 1321 772 1394 qualibet
794 1338 854 1376 non
876 1320 1021 1386 obstante,
1040 1324 1092 1376 aut
1116 1320 1204 1376 etiam

153 1408 340 1481 indulgentia
361 1410 424 1474 illa,
445 1426 510 1480 quae
528 1406 638 1462 dicitur
656 1405 791 1477 Anglicis
815 1421 881 1460 esse
899 1422 1047 1470 concessa,
1065 1421 1103 1458 ne
1120 1404 1207 1459 bene·

153 1493 221 1550 ficia
237 1494 412 1550 clericorum
429 1491 613 1547 Ytalicorum
631 1489 797 1545 cedentium
814 1488 863 1544 vel
883 1487 1088 1544 decedentium
1106 1488 1208 1544 imme·

154 1577 233 1633 diste
258 1577 347 1633 alicui
373 1574 482 1632 clerico
505 1573 625 1630 Ytalieo
651 1572 827 1629 conseratur.
864 1571 975 1628 Datum
1001 1571 1151 1645 Lugduni,
1174 1572 1206 1628 ii.

154 1661 222 1717 idus
240 1659 443 1736 Decembris.”

631 1798 729 1867 Nota

200 1955 320 2025 iiHaec
335 1977 413 2022 vero
428 1953 506 2020 huic
527 1953 613 2020 libro
629 1952 786 2018 duximus
807 1951 991 2034 inserenda,
1007 1956 1047 2018 ut
1068 1950 1208 2039 legenti·
1219 1963 1374 2030 oppressas

155 2059 218 2125 bus
240 2059 436 2145 innotescat,
460 2062 541 2143 quot
562 2054 724 2143 pressuris
746 2059 781 2120 et
803 2054 966 2140 angustiis
989 2059 1024 2119 et
1045 2056 1207 2121 servitute
1219 2032 1342 2148 diffie

157 2160 308 2225 Romana
341 2160 432 2224 curia
465 2180 526 2225 nos
560 2158 687 2244 Anglos
720 2155 873 2243 exagitat
903 2156 1112 2223 miserandos.
1163 2156 1208 2221 Et
1219 2173 1291 2215 eouu
1299 2164 1329 2214 of

156 2262 298 2348 qualiter
321 2261 419 2326 corda
448 2256 652 2325 multorum³
682 2281 704 2324 a
734 2258 911 2324 dilectione
945 2259 1070 2325 domini
1104 2280 1208 2346 papae,
1219 2229 1308 2280 Rome.

156 2385 254 2451 quem
276 2369 415 2450 paterna
437 2363 576 2428 caritate
605 2361 687 2427 totis
709 2359 889 2427 visceribus
919 2365 1106 2428 teneremur
1139 2383 1208 2426 um-

155 2466 265 2552 plecti,
287 2465 458 2530 discedant
480 2470 515 2530 et
537 2463 667 2552 longius
689 2468 913 2530 amoveantur.

423 2718 568 2788 Recessit
585 2741 684 2808 popu
706 2741 729 2787 u
751 2719 930 2806 Lupduao.

202 2877 325 2944 Eodem
357 2900 454 2959 anno,
493 2879 661 2944 arridente
694 2899 798 2944 verua
835 2879 1022 2957 serenitate,
1054 2880 1208 2946 dominus
1220 2877 1276 2930 'lue
1286 2893 1351 2944 1²01a

156 3002 241 3066 papa
277 2980 413 3044 recessit
449 3002 470 3042 a
501 2980 673 3065 Lugduno,
712 2979 949 3044 comitantibus
986 2980 1208 3046 cardinalibus
1220 2947 1315 3077 ¹1⁴}ssss

156 3087 190 3147 et
225 3083 295 3166 ejus
324 3079 553 3144 familiaribus.
599 3080 772 3166 Philippus
794 3102 933 3166 quoque,
956 3080 1377 3169 Lugdunensiswepttedbr

156 3183 289 3256 electus,
304 3182 413 3266 ipsum
428 3203 548 3267 papam
567 3203 641 3245 cum
664 3181 795 3266 ingenti
810 3182 1033 3246 armatorum⁶
1048 3183 1208 3250 comitatu
1221 3145 1331 3276 miii,

155 3287 248 3350 salvo
271 3283 441 3359 conduxit,
465 3287 600 3370 propter
623 3281 894 3347 Frethericalium
916 3284 1052 3370 laqueos
1073 3285 1208 3352 abscon-
1221 3277 1293 3329 ⁰¹0⁰&

158 3388 244 3451 ditos
267 3391 303 3451 et
326 3385 477 3451 insultus,

460 3607 553 3677 Obiit
576 3605 775 3677 Paulinus⁰
796 3607 912 3698 Piper.

203 3756 302 3822 Anno
326 3757 387 3822 sub
410 3756 524 3823 eodem
547 3757 632 3822 obiit
663 3756 789 3823 domini
818 3758 906 3846 regis
928 3757 1055 3844 dapifer
1076 3761 1111 3824 et
1133 3779 1208 3824 con·
1222 3768 1305 3820 Desa
1317 3771 1347 3822 of

159 3857 300 3923 uiliarius
322 3861 478 3945 specialis,
502 3860 663 3925 Paulinus
686 3859 793 3947 Piper.
1222 3836 1315 3967 ξιῗὲὲζῃ

194 4144 201 4176 ¹
220 4146 386 4212 sitdominus]
407 4147 591 4208 nichilominus,
605 4148 661 4199 MS.
739 4147 750 4179 ⁶
767 4150 927 4216 annulorum]
948 4150 1055 4202 Writteu
1066 4161 1092 4202 at
1102 4152 1156 4201 first
1167 4169 1209 4200 ur·

193 4303 204 4334 ³
216 4304 352 4370 multorum]
365 4307 401 4354 At
409 4306 463 4356 first
470 4305 567 4356 written
579 4305 662 4369 muita,
706 4309 800 4368 erased,
812 4309 861 4357 and
871 4322 936 4358 corr.
947 4306 973 4357 iu
985 4324 1065 4372 marg.

160 4384 205 4432 but
217 4398 281 4435 corr.
294 4383 318 4432 in
329 4400 409 4448 marg.
740 4385 750 4417 ⁶
768 4385 903 4453 Paulinus]
923 4387 1024 4449 Paulus,
1036 4387 1092 4439 MS.

193 4463 203 4493 ⁴
216 4462 398 4529 Lupduneasia]
419 4464 551 4527 Luguduir,
565 4462 623 4513 MS.
