3060 5474
306 708 348 777 78
432 720 599 770 usrrnnr
622 714 835 770 rasurmrsrs
858 715 1022 768 ammam
1043 715 1246 768 suenorum.

136 904 205 957 an.
220 896 423 962 meahabuit
445 896 614 976 familiam,
638 899 681 973 et,
703 898 743 959 ut
773 892 1052 981 archiepiscopum
1074 893 1194 972 decmt,
1217 892 1357 958 honora-

303 999 405 1065 bilem
426 995 801 1083 comitatum,-recepit
835 996 878 1061 ab
911 994 979 1062 illis
1011 996 1161 1077 ecclesiis,
1185 1016 1254 1062 non
1287 995 1358 1062 sine

304 1123 417 1168 earum
438 1100 631 1189 gravamine
653 1120 723 1164 non
745 1096 896 1164 modico.¹

344 1356 500 1442 Qualiter
521 1330 1016 1447 ar’clriapiscopae‘oieitaadae
1037 1361 1188 1445 receptas
1210 1350 1257 1423 sit
1278 1352 1320 1424 ab

622 1459 775 1549 episcopo
797 1456 1043 1527 Loaaacteoat.

137 1622 205 1673 How
216 1624 259 1675 the
350 1608 435 1674 Cum
468 1609 573 1696 igItur
603 1607 867 1695 archiepiscopus
900 1606 1149 1673 cantuariensis
1172 1606 1360 1673 Iondonias

135 1692 294 1810 ssgg'giffibv
306 1712 608 1798 appropinquasset,
644 1717 684 1775 ut
715 1710 883 1776 ecclesiam
918 1709 1035 1775 Sancti
1072 1708 1167 1774 Pauli
1204 1716 1240 1775 ct
1276 1709 1360 1775 alias

136 1824 180 1874 the
190 1810 282 1889 bishop'
306 1814 457 1879 ecclesias
488 1814 725 1900 religiosorum,
760 1833 834 1899 quae
872 1813 908 1876 in
941 1812 1076 1877 civitate
1114 1811 1359 1877 Londoniarum

134 1891 287 2009 {tfssffi
306 1920 394 1994 sunt,
416 1916 577 1997 visitaret,
601 1916 771 2005 episcopus
802 1914 1042 1981 Londoniensis
1064 1914 1175 1992 Falco,
1207 1915 1260 1979 vir
1286 1915 1360 2000 qni·

307 2018 382 2085 dem
415 2018 570 2102 moribus,
600 2018 776 2085 literatura
804 2023 840 2085 et
877 2016 1040 2105 sanguine
1079 2015 1275 2105 spectabilis,
1306 2038 1358 2081 oc-

305 2121 409 2188 currit
435 2120 542 2185 eidem
574 2119 779 2197 adventanti,
803 2124 838 2184 et
869 2120 958 2207 apud
982 2115 1150 2199 Fulham,²
1172 2118 1358 2184 manerium

305 2243 409 2301 sunm,
431 2221 522 2308 qnod
555 2242 622 2288 non
657 2222 800 2287 multum
832 2222 938 2287 distat
970 2221 1202 2302 aLondoniis,
1237 2221 1359 2288 ducens

306 2327 405 2404 enim,
429 2324 602 2411 splendide
635 2344 814 2411 serenoque
849 2324 949 2389 vultu
979 2325 1171 2411 procuravit
1200 2324 1359 2413 quioquid

305 2428 337 2493 ei
359 2427 580 2493 necessarium
602 2425 788 2493 videbatur.
812 2512 814 2518 Ι
834 2427 970 2493 Necnon
995 2427 1034 2491 in
1056 2427 1269 2506 munusculis,
1284 2448 1359 2514 quae

305 2531 406 2596 etiam
436 2529 562 2595 nobiles
596 2550 733 2594 munera
765 2550 841 2594 cara
861 2533 1019 2617 poterant
1041 2527 1229 2616 appellare,⁸
1249 2530 1360 2616 ipsum

305 2631 584 2720 archiepiscopum
607 2636 642 2697 et
664 2653 739 2698 suos
763 2631 905 2713 clericos,
921 2638 957 2698 et
979 2632 1104 2698 milites
1126 2633 1360 2700 asservientes

138 2751 267 2805 Shsmesul
305 2740 480 2822 gratanter
512 2735 658 2823 respexit
688 2756 726 2801 ac
749 2734 910 2801 munifice.
958 2735 1040 2816 Quae
1062 2735 1175 2801 omnia
1196 2758 1270 2801 cum
1293 2758 1360 2802 ser·

137 2821 288 2952 ffiffiissf
306 2838 435 2903 vientes
456 2859 525 2902 non
547 2837 674 2902 nobiles
696 2837 754 2903 sed
776 2837 932 2924 vulgares
954 2837 1189 2924 archiepiscopi
1219 2838 1360 2923 obliquis

137 2927 259 3007 amana.
307 2941 408 3006 oculis
439 2941 650 3028 ingratanter
680 2940 912 3026 respexissent,
937 2940 1094 3005 dixerunt
1125 2940 1196 3005 haec
1229 2941 1360 3006 nonde

305 3044 422 3132 gratia,
439 3044 497 3109 sed
520 3043 633 3108 debito
656 3046 691 3108 et
713 3042 865 3107 uberiora
880 3041 945 3106 sibi
959 3042 1154 3109 exbibenda.
1186 3043 1361 3110 Nesciente

305 3146 411 3233 igitur
434 3146 567 3212 domino
590 3167 650 3211 suo
672 3145 924 3232 archiepiscope,
947 3149 1047 3231 prout
1080 3143 1278 3212 credendum
1301 3151 1360 3227 est,

305 3247 453 3314 fecerunt
474 3249 578 3314 ferros
600 3270 621 3313 a
643 3268 778 3313 suorum
801 3268 959 3333 equorum
982 3246 1130 3334 pedibus,
1146 3247 1225 3312 licet
1247 3249 1359 3328 bonos,

307 3351 415 3427 avelli,
439 3371 609 3436 novosque
632 3350 845 3437 apponendos
869 3349 934 3413 sibi
957 3348 1181 3414 incontinenti
1203 3349 1360 3430 exhiberi,

307 3451 546 3516 comminantes
586 3456 621 3516 et
651 3450 800 3538 improbe
838 3451 1091 3518 tumultuantes.
1152 3450 1253 3518 Unde
1289 3458 1358 3517 tam

306 3554 453 3619 canonici
475 3552 591 3619 Sancti
613 3550 711 3616 Pauli
744 3557 778 3618 et
800 3551 858 3617 alii
881 3552 923 3619 de
945 3552 1083 3618 civitate
1106 3550 1361 3636 Londoniarum,

306 3678 406 3743 quam
436 3655 506 3743 ipse
540 3655 720 3742 episcopus,
743 3654 869 3719 talibus
901 3655 1046 3744 angariis
1079 3655 1235 3722 adhibere
1256 3679 1361 3725 reme·

306 3759 362 3824 dia
395 3762 621 3847 procurarunt,
645 3757 801 3823 videntes
824 3757 913 3843 quod
945 3759 1019 3845 plns
1051 3781 1111 3846 pro
1144 3761 1361 3848 oppressioni·

305 3858 368 3925 bus
383 3883 482 3946 quam
504 3882 631 3926 moram
654 3858 946 3927 reformationibus
968 3861 1046 3926 talis
1069 3861 1172 3940 fieret,
1189 3867 1230 3927 ut
1252 3884 1361 3931 cense-

305 3961 396 4041 bant,
417 3961 575 4030 visitatio.

310 4135 480 4142 ——-—---
495 4135 522 4141 -
570 4137 597 4141 ,-
640 4137 645 4140 .
658 4134 948 4142 ..-..-—..-.-..-,.--
977 4138 1024 4141 -.,.
1036 4137 1053 4142 --
1077 4137 1090 4141 -
1108 4137 1171 4143 -...-..
1182 4139 1187 4144 .

340 4226 469 4294 ¹modico]
504 4227 610 4288 medico,
638 4226 698 4278 MS.
750 4226 806 4277 The
854 4229 1014 4280 bcenadded
1025 4229 1052 4280 in
1065 4229 1109 4280 the
1120 4229 1228 4296 margin,
1236 4232 1358 4283 andthen

306 4307 389 4358 whole
408 4322 522 4373 passage,
543 4307 608 4357 from
627 4305 669 4355 uti
685 4323 807 4371 procura·
854 4307 1095 4370 erased,butvhich
1106 4325 1154 4361 osn
1165 4311 1197 4362 be
1208 4310 1360 4375 deciphersd

307 4389 383 4439 tiones
402 4393 427 4437 to
451 4387 550 4448 modico,
570 4385 593 4436 is
604 4386 704 4436 written
722 4401 755 4436 on
774 4400 807 4435 an
854 4402 881 4436 us
903 4387 1019 4439 follows:
1046 4387 1135 4439 Sciam
1167 4406 1202 4452 se,
1229 4398 1359 4455 matuta

306 4481 415 4519 erasure.
846 4468 939 4530 sarcre
957 4466 1049 4532 papali
1072 4476 1096 4516 et
1117 4467 1203 4534 repuli,
1226 4470 1359 4535 efficaciter

339 4546 350 4578 ²
365 4545 426 4597 Cum
448 4547 523 4612 igitur
540 4583 546 4596 .
564 4583 571 4595 .
590 4581 597 4596 .
614 4543 734 4610 Feritrum]
766 4545 807 4594 On
853 4544 980 4597 amaturi.

307 4642 339 4676 an
351 4642 458 4677 erasure.
493 4627 569 4677 Some
579 4625 663 4675 vords
675 4624 731 4677 aleo
741 4623 807 4675 have
886 4623 897 4654 ³
914 4623 1052 4689 appellare]
1072 4627 1180 4689 repelare,
1193 4628 1251 4681 MS.
