<?xml version="1.0" encoding="UTF-8"?>
<!DOCTYPE html PUBLIC "-//W3C//DTD XHTML 1.0 Transitional//EN"
    "http://www.w3.org/TR/xhtml1/DTD/xhtml1-transitional.dtd">
<html xmlns="http://www.w3.org/1999/xhtml" xml:lang="en" lang="en">
 <head>
  <title>
</title>
<meta http-equiv="Content-Type" content="text/html;charset=utf-8" />
  <meta name='ocr-system' content='tesseract 3.04.00' />
  <meta name='ocr-capabilities' content='ocr_page ocr_carea ocr_par ocr_line ocrx_word'/>
</head>
<body>
  <div class='ocr_page' id='page_1' title='image "./matthiparisiens02parigoog_0322.png"; bbox 0 0 3060 5474; ppageno 0'>
   <div class='ocr_carea' id='block_1_1' title="bbox 347 717 1278 780">
    <p class='ocr_par' dir='ltr' id='par_1_1' title="bbox 347 717 1278 780">
     <span class='ocr_line' id='line_1_1' title="bbox 347 717 1278 780; baseline 0.008 -7"><span class='ocrx_word' id='word_1_1' title='bbox 347 724 349 728; x_wconf 85' lang='grc'><strong>’</strong></span> <span class='ocrx_word' id='word_1_2' title='bbox 431 723 479 774; x_wconf 75' lang='lat' dir='ltr'>nu</span> <span class='ocrx_word' id='word_1_3' title='bbox 501 725 659 776; x_wconf 69' lang='lat' dir='ltr'>TEMPORE</span> <span class='ocrx_word' id='word_1_4' title='bbox 682 726 783 779; x_wconf 76' lang='lat' dir='ltr'>naula</span> <span class='ocrx_word' id='word_1_5' title='bbox 805 723 951 778; x_wconf 75' lang='lat' dir='ltr'>mmm</span> <span class='ocrx_word' id='word_1_6' title='bbox 972 725 1097 778; x_wconf 67' lang='lat' dir='ltr'>resen.</span> <span class='ocrx_word' id='word_1_7' title='bbox 1215 717 1278 780; x_wconf 79' lang='lat'>255</span> 
     </span>
    </p>
   </div>
   <div class='ocr_carea' id='block_1_2' title="bbox 232 898 1447 1233">
    <p class='ocr_par' dir='ltr' id='par_1_2' title="bbox 232 898 1446 1060">
     <span class='ocr_line' id='line_1_2' title="bbox 232 898 1446 976; baseline 0.002 -23"><span class='ocrx_word' id='word_1_8' title='bbox 232 898 367 955; x_wconf 87' lang='lat' dir='ltr'>econtra</span> <span class='ocrx_word' id='word_1_9' title='bbox 384 901 450 955; x_wconf 87' lang='lat' dir='ltr'>exul</span> <span class='ocrx_word' id='word_1_10' title='bbox 469 908 499 956; x_wconf 88' lang='lat' dir='ltr'>et</span> <span class='ocrx_word' id='word_1_11' title='bbox 517 900 651 968; x_wconf 83' lang='lat' dir='ltr'>extorris,</span> <span class='ocrx_word' id='word_1_12' title='bbox 671 903 709 957; x_wconf 87' lang='lat' dir='ltr'>ad</span> <span class='ocrx_word' id='word_1_13' title='bbox 726 901 864 959; x_wconf 81' lang='lat' dir='ltr'>Tartara¹</span> <span class='ocrx_word' id='word_1_14' title='bbox 883 920 919 958; x_wconf 84' lang='lat' dir='ltr'>ex</span> <span class='ocrx_word' id='word_1_15' title='bbox 936 904 990 958; x_wconf 89' lang='lat' dir='ltr'>hcc</span> <span class='ocrx_word' id='word_1_16' title='bbox 1008 905 1126 968; x_wconf 87' lang='lat' dir='ltr'>mundo,</span> <span class='ocrx_word' id='word_1_17' title='bbox 1146 904 1278 976; x_wconf 89' lang='lat' dir='ltr'>crapula·</span> <span class='ocrx_word' id='word_1_18' title='bbox 1289 903 1359 956; x_wconf 74' lang='lat' dir='ltr'>Ad).</span> <span class='ocrx_word' id='word_1_19' title='bbox 1373 905 1446 953; x_wconf 73' lang='lat'><strong>122⁶·</strong></span> 
     </span>
     <span class='ocr_line' id='line_1_3' title="bbox 233 984 1418 1060; baseline -0.002 -22"><span class='ocrx_word' id='word_1_20' title='bbox 233 987 282 1040; x_wconf 89' lang='lat' dir='ltr'>tua</span> <span class='ocrx_word' id='word_1_21' title='bbox 300 985 336 1038; x_wconf 89' lang='lat' dir='ltr'>de</span> <span class='ocrx_word' id='word_1_22' title='bbox 356 985 483 1055; x_wconf 87' lang='lat' dir='ltr'>quodam</span> <span class='ocrx_word' id='word_1_23' title='bbox 509 987 590 1057; x_wconf 85' lang='lat' dir='ltr'>pisce</span> <span class='ocrx_word' id='word_1_24' title='bbox 611 987 778 1053; x_wconf 73' lang='lat' dir='ltr'>intoxicata,</span> <span class='ocrx_word' id='word_1_25' title='bbox 799 986 974 1053; x_wconf 85' lang='lat' dir='ltr'>destinatur,</span> <span class='ocrx_word' id='word_1_26' title='bbox 996 994 1026 1043; x_wconf 88' lang='lat' dir='ltr'>et</span> <span class='ocrx_word' id='word_1_27' title='bbox 1043 984 1121 1060; x_wconf 89' lang='lat' dir='ltr'>apud</span> <span class='ocrx_word' id='word_1_28' title='bbox 1140 988 1278 1044; x_wconf 79' lang='lat' dir='ltr'>Sanctum</span> <span class='ocrx_word' id='word_1_29' title='bbox 1293 988 1375 1039; x_wconf 81' lang='lat' dir='ltr'>Deeth</span> <span class='ocrx_word' id='word_1_30' title='bbox 1386 987 1418 1037; x_wconf 81' lang='lat' dir='ltr'>of</span> 
     </span>
    </p>

    <p class='ocr_par' dir='ltr' id='par_1_3' title="bbox 234 1053 1447 1233">
     <span class='ocr_line' id='line_1_4' title="bbox 234 1053 1447 1144; baseline 0.004 -22"><span class='ocrx_word' id='word_1_31' title='bbox 234 1067 383 1123; x_wconf 79' lang='lat' dir='ltr'>(liriacum</span> <span class='ocrx_word' id='word_1_32' title='bbox 395 1070 568 1126; x_wconf 84' lang='lat' dir='ltr'>tumulatur.</span> <span class='ocrx_word' id='word_1_33' title='bbox 600 1071 797 1144; x_wconf 79' lang='lat' dir='ltr'>Defrmotiqne</span> <span class='ocrx_word' id='word_1_34' title='bbox 816 1074 956 1144; x_wconf 87' lang='lat' dir='ltr'>episcopi,</span> <span class='ocrx_word' id='word_1_35' title='bbox 974 1074 1161 1139; x_wconf 71' lang='lat' dir='ltr'>Benedictus,</span> <span class='ocrx_word' id='word_1_36' title='bbox 1176 1055 1391 1128; x_wconf 61' lang='lat' dir='ltr'>Rosen·Ilaukes</span> <span class='ocrx_word' id='word_1_37' title='bbox 1402 1053 1447 1119; x_wconf 88' lang='lat' dir='ltr'>[de</span> 
     </span>
     <span class='ocr_line' id='line_1_5' title="bbox 234 1152 1249 1233; baseline 0.005 -25"><span class='ocrx_word' id='word_1_38' title='bbox 234 1152 285 1217; x_wconf 85' lang='lat' dir='ltr'>sis,</span> <span class='ocrx_word' id='word_1_39' title='bbox 314 1160 344 1208; x_wconf 86' lang='lat' dir='ltr'>et</span> <span class='ocrx_word' id='word_1_40' title='bbox 368 1154 569 1226; x_wconf 88' lang='lat' dir='ltr'>Pandulphus‚</span> <span class='ocrx_word' id='word_1_41' title='bbox 595 1155 802 1214; x_wconf 83' lang='lat' dir='ltr'>Norwicensis.</span> <span class='ocrx_word' id='word_1_42' title='bbox 850 1159 1024 1233; x_wconf 86' lang='lat' dir='ltr'>Pandulpho</span> <span class='ocrx_word' id='word_1_43' title='bbox 1052 1159 1195 1216; x_wconf 86' lang='lat' dir='ltr'>successit</span> <span class='ocrx_word' id='word_1_44' title='bbox 1214 1194 1249 1213; x_wconf 84' lang='lat'>..</span> 
     </span>
    </p>
   </div>
   <div class='ocr_carea' id='block_1_3' title="bbox 1290 1120 1423 1184">
    <p class='ocr_par' dir='ltr' id='par_1_4' title="bbox 1290 1120 1423 1184">
     <span class='ocr_line' id='line_1_6' title="bbox 1290 1120 1423 1184; baseline -0.008 -13"><span class='ocrx_word' id='word_1_45' title='bbox 1290 1120 1423 1184; x_wconf 57' lang='lat' dir='ltr'>Bracata}</span> 
     </span>
    </p>
   </div>
   <div class='ocr_carea' id='block_1_4' title="bbox 235 1196 1429 1330">
    <p class='ocr_par' dir='ltr' id='par_1_5' title="bbox 235 1196 1429 1330">
     <span class='ocr_line' id='line_1_7' title="bbox 235 1196 1429 1330; baseline 0.011 -39"><span class='ocrx_word' id='word_1_46' title='bbox 235 1237 390 1302; x_wconf 71' lang='lat' dir='ltr'><strong>scaccario,</strong></span> <span class='ocrx_word' id='word_1_47' title='bbox 404 1239 489 1310; x_wconf 89' lang='lat' dir='ltr'>cujus</span> <span class='ocrx_word' id='word_1_48' title='bbox 502 1240 722 1310; x_wconf 75' lang='lat' dir='ltr'>promotionem,</span> <span class='ocrx_word' id='word_1_49' title='bbox 737 1243 815 1297; x_wconf 87' lang='lat' dir='ltr'>sicut</span> <span class='ocrx_word' id='word_1_50' title='bbox 832 1248 863 1298; x_wconf 88' lang='lat' dir='ltr'>et</span> <span class='ocrx_word' id='word_1_51' title='bbox 874 1244 973 1300; x_wconf 85' lang='lat' dir='ltr'>fratria</span> <span class='ocrx_word' id='word_1_52' title='bbox 993 1244 1039 1300; x_wconf 88' lang='lat' dir='ltr'>sui</span> <span class='ocrx_word' id='word_1_53' title='bbox 1057 1243 1194 1315; x_wconf 82' lang='lat' dir='ltr'>Flyensis</span> <span class='ocrx_word' id='word_1_54' title='bbox 1213 1196 1281 1299; x_wconf 49' lang='lat' dir='ltr'>uel:</span> <span class='ocrx_word' id='word_1_55' title='bbox 1291 1196 1429 1330; x_wconf 50' lang='grc' dir='ltr'>83ᾌοί</span> 
     </span>
    </p>
   </div>
   <div class='ocr_carea' id='block_1_5' title="bbox 235 1321 889 1397">
    <p class='ocr_par' dir='ltr' id='par_1_6' title="bbox 235 1321 889 1397">
     <span class='ocr_line' id='line_1_8' title="bbox 235 1321 889 1397; baseline 0.009 -21"><span class='ocrx_word' id='word_1_56' title='bbox 235 1321 315 1388; x_wconf 83' lang='lat' dir='ltr'>iridi,</span> <span class='ocrx_word' id='word_1_57' title='bbox 335 1324 506 1394; x_wconf 80' lang='lat' dir='ltr'><strong>procuravit</strong></span> <span class='ocrx_word' id='word_1_58' title='bbox 523 1324 677 1381; x_wconf 87' lang='lat' dir='ltr'>Hubertus</span> <span class='ocrx_word' id='word_1_59' title='bbox 693 1325 889 1397; x_wconf 88' lang='lat' dir='ltr'>justiciarius.</span> 
     </span>
    </p>
   </div>
   <div class='ocr_carea' id='block_1_6' title="bbox 230 1467 1449 3732">
    <p class='ocr_par' dir='ltr' id='par_1_7' title="bbox 230 1467 1449 3732">
     <span class='ocr_line' id='line_1_9' title="bbox 270 1467 1281 1543; baseline 0.009 -24"><span class='ocrx_word' id='word_1_60' title='bbox 270 1473 469 1532; x_wconf 69' lang='lat' dir='ltr'>1⁰.cc⁰.xxu11⁰.</span> <span class='ocrx_word' id='word_1_61' title='bbox 506 1467 570 1522; x_wconf 84' lang='lat' dir='ltr'>Rex</span> <span class='ocrx_word' id='word_1_62' title='bbox 594 1468 743 1525; x_wconf 86' lang='lat' dir='ltr'>Henrious</span> <span class='ocrx_word' id='word_1_63' title='bbox 769 1470 840 1535; x_wconf 89' lang='grc' dir='ltr'>ΙΙΙ.,</span> <span class='ocrx_word' id='word_1_64' title='bbox 861 1489 935 1526; x_wconf 89' lang='lat' dir='ltr'>anno</span> <span class='ocrx_word' id='word_1_65' title='bbox 959 1471 1046 1543; x_wconf 88' lang='lat' dir='ltr'>regni</span> <span class='ocrx_word' id='word_1_66' title='bbox 1073 1471 1120 1527; x_wconf 88' lang='lat' dir='ltr'>sni</span> <span class='ocrx_word' id='word_1_67' title='bbox 1150 1471 1223 1537; x_wconf 87' lang='lat' dir='ltr'>xii⁰.,</span> <span class='ocrx_word' id='word_1_68' title='bbox 1244 1471 1281 1528; x_wconf 88' lang='lat' dir='ltr'>ad</span> 
     </span>
     <span class='ocr_line' id='line_1_10' title="bbox 234 1548 1281 1627; baseline 0.009 -25"><span class='ocrx_word' id='word_1_69' title='bbox 234 1548 340 1604; x_wconf 85' lang='lat' dir='ltr'>Natale</span> <span class='ocrx_word' id='word_1_70' title='bbox 361 1589 367 1605; x_wconf 96' lang='lat'>.</span> <span class='ocrx_word' id='word_1_71' title='bbox 390 1569 396 1604; x_wconf 93' lang='grc'>.·</span> <span class='ocrx_word' id='word_1_72' title='bbox 418 1589 425 1605; x_wconf 91' lang='grc'><em>.</em></span> <span class='ocrx_word' id='word_1_73' title='bbox 446 1550 626 1623; x_wconf 87' lang='lat' dir='ltr'>Radingum.</span> <span class='ocrx_word' id='word_1_74' title='bbox 671 1553 710 1608; x_wconf 83' lang='lat' dir='ltr'>Et</span> <span class='ocrx_word' id='word_1_75' title='bbox 736 1553 848 1609; x_wconf 88' lang='lat' dir='ltr'>eisdem</span> <span class='ocrx_word' id='word_1_76' title='bbox 874 1555 977 1611; x_wconf 87' lang='lat' dir='ltr'>diebus</span> <span class='ocrx_word' id='word_1_77' title='bbox 1003 1555 1103 1610; x_wconf 82' lang='lat' dir='ltr'>obiit.</span> <span class='ocrx_word' id='word_1_78' title='bbox 1125 1594 1132 1611; x_wconf 94' lang='grc'><strong>.</strong></span> <span class='ocrx_word' id='word_1_79' title='bbox 1154 1595 1161 1610; x_wconf 89' lang='grc'><strong>.</strong></span> <span class='ocrx_word' id='word_1_80' title='bbox 1181 1555 1281 1627; x_wconf 83' lang='lat' dir='ltr'>profu·</span> 
     </span>
     <span class='ocr_line' id='line_1_11' title="bbox 234 1634 1433 1710; baseline 0 -20"><span class='ocrx_word' id='word_1_81' title='bbox 234 1653 294 1690; x_wconf 87' lang='lat' dir='ltr'>sus.</span> <span class='ocrx_word' id='word_1_82' title='bbox 330 1634 443 1689; x_wconf 83' lang='lat' dir='ltr'><strong>Deinde</strong></span> <span class='ocrx_word' id='word_1_83' title='bbox 456 1653 508 1689; x_wconf 86' lang='lat' dir='ltr'>rex</span> <span class='ocrx_word' id='word_1_84' title='bbox 528 1675 535 1690; x_wconf 92' lang='lat'>.</span> <span class='ocrx_word' id='word_1_85' title='bbox 557 1675 564 1691; x_wconf 90' lang='lat'>.</span> <span class='ocrx_word' id='word_1_86' title='bbox 587 1677 594 1691; x_wconf 95' lang='lat'>.</span> <span class='ocrx_word' id='word_1_87' title='bbox 615 1636 705 1702; x_wconf 82' lang='lat' dir='ltr'>cives,</span> <span class='ocrx_word' id='word_1_88' title='bbox 720 1638 842 1693; x_wconf 90' lang='lat' dir='ltr'>consilio</span> <span class='ocrx_word' id='word_1_89' title='bbox 854 1639 1022 1710; x_wconf 88' lang='lat' dir='ltr'>iniquorum</span> <span class='ocrx_word' id='word_1_90' title='bbox 1040 1639 1236 1706; x_wconf 69' lang='lat' dir='ltr'>adulatorum,</span> <span class='ocrx_word' id='word_1_91' title='bbox 1250 1640 1433 1705; x_wconf 82' lang='lat' dir='ltr'>etHenryex·</span> 
     </span>
     <span class='ocr_line' id='line_1_12' title="bbox 233 1714 1449 1794; baseline 0.003 -21"><span class='ocrx_word' id='word_1_92' title='bbox 233 1719 358 1773; x_wconf 79' lang='lat' dir='ltr'>maxime</span> <span class='ocrx_word' id='word_1_93' title='bbox 376 1718 505 1775; x_wconf 89' lang='lat' dir='ltr'>Huberti</span> <span class='ocrx_word' id='word_1_94' title='bbox 524 1720 560 1774; x_wconf 92' lang='lat' dir='ltr'>de</span> <span class='ocrx_word' id='word_1_95' title='bbox 578 1720 691 1791; x_wconf 86' lang='lat' dir='ltr'>Burgo,</span> <span class='ocrx_word' id='word_1_96' title='bbox 707 1719 890 1789; x_wconf 80' lang='lat' dir='ltr'>justiciarii‚²</span> <span class='ocrx_word' id='word_1_97' title='bbox 909 1721 987 1792; x_wconf 89' lang='lat' dir='ltr'>qnod</span> <span class='ocrx_word' id='word_1_98' title='bbox 1011 1724 1043 1778; x_wconf 90' lang='lat' dir='ltr'>in</span> <span class='ocrx_word' id='word_1_99' title='bbox 1068 1741 1155 1777; x_wconf 90' lang='lat' dir='ltr'>suum</span> <span class='ocrx_word' id='word_1_100' title='bbox 1172 1723 1279 1794; x_wconf 72' lang='lat' dir='ltr'>proepu·</span> <span class='ocrx_word' id='word_1_101' title='bbox 1291 1714 1449 1770; x_wconf 59' lang='lat' dir='ltr'>mmm</span> 
     </span>
     <span class='ocr_line' id='line_1_13' title="bbox 231 1789 1434 1890; baseline 0.005 -33"><span class='ocrx_word' id='word_1_102' title='bbox 231 1802 340 1858; x_wconf 87' lang='lat' dir='ltr'><strong>dicium</strong></span> <span class='ocrx_word' id='word_1_103' title='bbox 358 1804 503 1860; x_wconf 89' lang='lat' dir='ltr'>dederunt</span> <span class='ocrx_word' id='word_1_104' title='bbox 520 1804 686 1869; x_wconf 72' lang='lat' dir='ltr'>[ludowico.</span> <span class='ocrx_word' id='word_1_105' title='bbox 701 1805 834 1861; x_wconf 78' lang='lat' dir='ltr'>Francia</span> <span class='ocrx_word' id='word_1_106' title='bbox 847 1806 960 1871; x_wconf 87' lang='lat' dir='ltr'>heredi,</span> <span class='ocrx_word' id='word_1_107' title='bbox 974 1824 992 1862; x_wconf 90' lang='lat' dir='ltr'>a</span> <span class='ocrx_word' id='word_1_108' title='bbox 1004 1806 1164 1863; x_wconf 89' lang='lat' dir='ltr'>Londoniis</span> <span class='ocrx_word' id='word_1_109' title='bbox 1183 1825 1279 1863; x_wconf 88' lang='lat' dir='ltr'>recee·</span> <span class='ocrx_word' id='word_1_110' title='bbox 1290 1789 1434 1890; x_wconf 47' lang='lat' dir='ltr'><strong>eiffemeof</strong></span> 
     </span>
     <span class='ocr_line' id='line_1_14' title="bbox 233 1889 1403 1960; baseline 0.003 -18"><span class='ocrx_word' id='word_1_111' title='bbox 233 1905 311 1953; x_wconf 88' lang='lat' dir='ltr'>auro,</span> <span class='ocrx_word' id='word_1_112' title='bbox 331 1908 359 1943; x_wconf 85' lang='lat' dir='ltr'>v.</span> <span class='ocrx_word' id='word_1_113' title='bbox 378 1889 461 1943; x_wconf 89' lang='lat' dir='ltr'>milia</span> <span class='ocrx_word' id='word_1_114' title='bbox 478 1907 652 1954; x_wconf 86' lang='lat' dir='ltr'>marcarum,</span> <span class='ocrx_word' id='word_1_115' title='bbox 669 1889 731 1960; x_wconf 88' lang='lat' dir='ltr'>jam</span> <span class='ocrx_word' id='word_1_116' title='bbox 750 1890 861 1945; x_wconf 86' lang='lat' dir='ltr'>ultione</span> <span class='ocrx_word' id='word_1_117' title='bbox 888 1890 989 1946; x_wconf 84' lang='lat' dir='ltr'>divina</span> <span class='ocrx_word' id='word_1_118' title='bbox 1015 1891 1180 1956; x_wconf 78' lang='lat' dir='ltr'>intoxicata,</span> <span class='ocrx_word' id='word_1_119' title='bbox 1200 1897 1232 1946; x_wconf 92' lang='lat' dir='ltr'>et</span> <span class='ocrx_word' id='word_1_120' title='bbox 1248 1892 1280 1946; x_wconf 86' lang='lat' dir='ltr'>iu</span> <span class='ocrx_word' id='word_1_121' title='bbox 1290 1907 1403 1956; x_wconf 64' lang='lat' dir='ltr'>Londffi</span> 
     </span>
     <span class='ocr_line' id='line_1_15' title="bbox 232 1972 1278 2048; baseline 0.005 -22"><span class='ocrx_word' id='word_1_122' title='bbox 232 1972 362 2043; x_wconf 88' lang='lat' dir='ltr'>perjurio</span> <span class='ocrx_word' id='word_1_123' title='bbox 374 1978 496 2028; x_wconf 88' lang='lat' dir='ltr'>mortuo.</span> <span class='ocrx_word' id='word_1_124' title='bbox 533 1972 617 2027; x_wconf 87' lang='lat' dir='ltr'>Unda</span> <span class='ocrx_word' id='word_1_125' title='bbox 629 1973 772 2044; x_wconf 88' lang='lat' dir='ltr'>compulsi</span> <span class='ocrx_word' id='word_1_126' title='bbox 784 1979 852 2028; x_wconf 90' lang='lat' dir='ltr'>sunt</span> <span class='ocrx_word' id='word_1_127' title='bbox 863 1973 921 2045; x_wconf 89' lang='lat' dir='ltr'>ipsi</span> <span class='ocrx_word' id='word_1_128' title='bbox 933 1974 1023 2040; x_wconf 87' lang='lat' dir='ltr'>cives,</span> <span class='ocrx_word' id='word_1_129' title='bbox 1037 1973 1198 2030; x_wconf 82' lang='lat' dir='ltr'>formidine</span> <span class='ocrx_word' id='word_1_130' title='bbox 1210 1992 1278 2048; x_wconf 87' lang='lat' dir='ltr'>peo-</span> 
     </span>
     <span class='ocr_line' id='line_1_16' title="bbox 230 2055 1278 2131; baseline 0.005 -21"><span class='ocrx_word' id='word_1_131' title='bbox 230 2057 286 2110; x_wconf 90' lang='lat' dir='ltr'>cati</span> <span class='ocrx_word' id='word_1_132' title='bbox 304 2056 466 2127; x_wconf 88' lang='lat' dir='ltr'>postposita</span> <span class='ocrx_word' id='word_1_133' title='bbox 477 2062 507 2110; x_wconf 88' lang='lat' dir='ltr'>et</span> <span class='ocrx_word' id='word_1_134' title='bbox 518 2055 655 2127; x_wconf 74' lang='lat' dir='ltr'>injustia,</span> <span class='ocrx_word' id='word_1_135' title='bbox 670 2057 735 2127; x_wconf 89' lang='lat' dir='ltr'>regi</span> <span class='ocrx_word' id='word_1_136' title='bbox 754 2057 921 2129; x_wconf 87' lang='lat' dir='ltr'>persolvere</span> <span class='ocrx_word' id='word_1_137' title='bbox 939 2058 1111 2113; x_wconf 79' lang='lat' dir='ltr'>tantundem</span> <span class='ocrx_word' id='word_1_138' title='bbox 1133 2059 1278 2131; x_wconf 86' lang='lat' dir='ltr'>pecuniae.</span> 
     </span>
     <span class='ocr_line' id='line_1_17' title="bbox 231 2139 1278 2211; baseline 0.006 -18"><span class='ocrx_word' id='word_1_139' title='bbox 231 2139 270 2195; x_wconf 83' lang='lat' dir='ltr'>Ft</span> <span class='ocrx_word' id='word_1_140' title='bbox 294 2141 349 2196; x_wconf 90' lang='lat' dir='ltr'>hoo</span> <span class='ocrx_word' id='word_1_141' title='bbox 373 2158 476 2211; x_wconf 87' lang='lat' dir='ltr'>regam</span> <span class='ocrx_word' id='word_1_142' title='bbox 503 2141 682 2197; x_wconf 78' lang='lat' dir='ltr'>Francorum</span> <span class='ocrx_word' id='word_1_143' title='bbox 700 2159 757 2196; x_wconf 92' lang='lat' dir='ltr'>non</span> <span class='ocrx_word' id='word_1_144' title='bbox 775 2141 872 2207; x_wconf 85' lang='lat' dir='ltr'>latuit,</span> <span class='ocrx_word' id='word_1_145' title='bbox 898 2142 947 2197; x_wconf 86' lang='lat' dir='ltr'>vel</span> <span class='ocrx_word' id='word_1_146' title='bbox 965 2140 1000 2197; x_wconf 75' lang='lat'>0³</span> <span class='ocrx_word' id='word_1_147' title='bbox 1026 2143 1278 2209; x_wconf 73' lang='lat' dir='ltr'>consiliariorum</span> 
     </span>
     <span class='ocr_line' id='line_1_18' title="bbox 232 2223 1278 2298; baseline 0.002 -18"><span class='ocrx_word' id='word_1_148' title='bbox 232 2225 309 2280; x_wconf 91' lang='lat' dir='ltr'>unde</span> <span class='ocrx_word' id='word_1_149' title='bbox 327 2224 380 2280; x_wconf 87' lang='lat' dir='ltr'>illa</span> <span class='ocrx_word' id='word_1_150' title='bbox 406 2226 548 2280; x_wconf 88' lang='lat' dir='ltr'>avaritia⁴</span> <span class='ocrx_word' id='word_1_151' title='bbox 567 2232 598 2280; x_wconf 90' lang='lat' dir='ltr'>et</span> <span class='ocrx_word' id='word_1_152' title='bbox 622 2225 725 2296; x_wconf 90' lang='lat' dir='ltr'>rapina</span> <span class='ocrx_word' id='word_1_153' title='bbox 742 2223 803 2280; x_wconf 90' lang='lat' dir='ltr'>odii</span> <span class='ocrx_word' id='word_1_154' title='bbox 821 2225 928 2281; x_wconf 90' lang='lat' dir='ltr'>occulti</span> <span class='ocrx_word' id='word_1_155' title='bbox 944 2225 1072 2298; x_wconf 88' lang='lat' dir='ltr'>praebult</span> <span class='ocrx_word' id='word_1_156' title='bbox 1088 2227 1278 2290; x_wconf 79' lang='lat' dir='ltr'>incentivum,</span> 
     </span>
     <span class='ocr_line' id='line_1_19' title="bbox 233 2306 1426 2382; baseline 0.002 -18"><span class='ocrx_word' id='word_1_157' title='bbox 233 2315 263 2365; x_wconf 89' lang='lat' dir='ltr'>et</span> <span class='ocrx_word' id='word_1_158' title='bbox 277 2309 445 2380; x_wconf 88' lang='lat' dir='ltr'>juramenti,</span> <span class='ocrx_word' id='word_1_159' title='bbox 473 2316 507 2364; x_wconf 88' lang='lat' dir='ltr'>ut</span> <span class='ocrx_word' id='word_1_160' title='bbox 532 2309 668 2364; x_wconf 88' lang='lat' dir='ltr'>dicebant</span> <span class='ocrx_word' id='word_1_161' title='bbox 692 2309 807 2374; x_wconf 88' lang='lat' dir='ltr'>Franci,</span> <span class='ocrx_word' id='word_1_162' title='bbox 836 2309 997 2365; x_wconf 82' lang='lat' dir='ltr'>laesicnem.</span> <span class='ocrx_word' id='word_1_163' title='bbox 1034 2310 1079 2364; x_wconf 81' lang='lat' dir='ltr'>Ex</span> <span class='ocrx_word' id='word_1_164' title='bbox 1097 2317 1168 2366; x_wconf 90' lang='lat' dir='ltr'>tunc</span> <span class='ocrx_word' id='word_1_165' title='bbox 1185 2306 1426 2382; x_wconf 68' lang='lat' dir='ltr'>igitnrllrilsame</span> 
     </span>
     <span class='ocr_line' id='line_1_20' title="bbox 233 2373 1434 2491; baseline 0.002 -44"><span class='ocrx_word' id='word_1_166' title='bbox 233 2394 312 2448; x_wconf 86' lang='lat' dir='ltr'>lama</span> <span class='ocrx_word' id='word_1_167' title='bbox 328 2393 456 2448; x_wconf 88' lang='lat' dir='ltr'>Huberti</span> <span class='ocrx_word' id='word_1_168' title='bbox 470 2393 629 2465; x_wconf 81' lang='lat' dir='ltr'>justiciarii</span> <span class='ocrx_word' id='word_1_169' title='bbox 655 2395 745 2465; x_wconf 90' lang='lat' dir='ltr'>ooepit</span> <span class='ocrx_word' id='word_1_170' title='bbox 770 2412 827 2448; x_wconf 91' lang='lat' dir='ltr'>non</span> <span class='ocrx_word' id='word_1_171' title='bbox 851 2399 965 2450; x_wconf 90' lang='lat' dir='ltr'>tantum</span> <span class='ocrx_word' id='word_1_172' title='bbox 983 2394 1140 2450; x_wconf 91' lang='lat' dir='ltr'>Londoniis</span> <span class='ocrx_word' id='word_1_173' title='bbox 1159 2394 1211 2450; x_wconf 94' lang='lat' dir='ltr'>sed</span> <span class='ocrx_word' id='word_1_174' title='bbox 1227 2373 1320 2491; x_wconf 44' lang='lat' dir='ltr'>per}f</span> <span class='ocrx_word' id='word_1_175' title='bbox 1333 2373 1434 2490; x_wconf 55' lang='grc' dir='ltr'>Ηῖδθη</span> 
     </span>
     <span class='ocr_line' id='line_1_21' title="bbox 233 2457 1387 2551; baseline 0.003 -19"><span class='ocrx_word' id='word_1_176' title='bbox 233 2484 324 2533; x_wconf 84' lang='lat' dir='ltr'>totam</span> <span class='ocrx_word' id='word_1_177' title='bbox 351 2478 453 2533; x_wconf 86' lang='lat' dir='ltr'>foetere</span> <span class='ocrx_word' id='word_1_178' title='bbox 480 2479 641 2550; x_wconf 80' lang='lat' dir='ltr'>regionem,</span> <span class='ocrx_word' id='word_1_179' title='bbox 670 2479 810 2550; x_wconf 89' lang='lat' dir='ltr'>pristinos</span> <span class='ocrx_word' id='word_1_180' title='bbox 833 2479 936 2535; x_wconf 89' lang='lat' dir='ltr'>titulos</span> <span class='ocrx_word' id='word_1_181' title='bbox 963 2480 1089 2551; x_wconf 86' lang='lat' dir='ltr'>turpiter</span> <span class='ocrx_word' id='word_1_182' title='bbox 1117 2496 1281 2535; x_wconf 87' lang='lat' dir='ltr'>commacu·</span> <span class='ocrx_word' id='word_1_183' title='bbox 1315 2457 1387 2506; x_wconf 51' lang='grc' dir='ltr'>ιη’</span> 
     </span>
     <span class='ocr_line' id='line_1_22' title="bbox 232 2562 1281 2643; baseline 0.002 -26"><span class='ocrx_word' id='word_1_184' title='bbox 232 2562 378 2632; x_wconf 89' lang='lat' dir='ltr'>landoque</span> <span class='ocrx_word' id='word_1_185' title='bbox 414 2562 517 2617; x_wconf 91' lang='lat' dir='ltr'>diatim</span> <span class='ocrx_word' id='word_1_186' title='bbox 557 2562 729 2643; x_wconf 82' lang='lat' dir='ltr'>superbivit.</span> <span class='ocrx_word' id='word_1_187' title='bbox 788 2562 894 2618; x_wconf 85' lang='lat' dir='ltr'>Mense</span> <span class='ocrx_word' id='word_1_188' title='bbox 933 2563 1089 2619; x_wconf 76' lang='lat' dir='ltr'>Februarii</span> <span class='ocrx_word' id='word_1_189' title='bbox 1119 2580 1171 2618; x_wconf 84' lang='lat' dir='ltr'>rex</span> <span class='ocrx_word' id='word_1_190' title='bbox 1201 2564 1281 2636; x_wconf 89' lang='lat' dir='ltr'>apud</span> 
     </span>
     <span class='ocr_line' id='line_1_23' title="bbox 234 2644 1280 2718; baseline 0.001 -17"><span class='ocrx_word' id='word_1_191' title='bbox 234 2644 383 2709; x_wconf 84' lang='lat' dir='ltr'>Oxoniam,</span> <span class='ocrx_word' id='word_1_192' title='bbox 406 2687 412 2700; x_wconf 95' lang='lat'>.</span> <span class='ocrx_word' id='word_1_193' title='bbox 435 2687 441 2701; x_wconf 93' lang='lat'>.</span> <span class='ocrx_word' id='word_1_194' title='bbox 464 2688 470 2701; x_wconf 97' lang='lat'>.</span> <span class='ocrx_word' id='word_1_195' title='bbox 491 2646 601 2718; x_wconf 89' lang='lat' dir='ltr'>sejam</span> <span class='ocrx_word' id='word_1_196' title='bbox 619 2646 761 2718; x_wconf 73' lang='lat' dir='ltr'>legitimae</span> <span class='ocrx_word' id='word_1_197' title='bbox 783 2682 789 2701; x_wconf 84' lang='lat'>.</span> <span class='ocrx_word' id='word_1_198' title='bbox 812 2681 819 2702; x_wconf 81' lang='grc'><strong>.</strong></span> <span class='ocrx_word' id='word_1_199' title='bbox 842 2686 848 2702; x_wconf 89' lang='grc'><em>.</em></span> <span class='ocrx_word' id='word_1_200' title='bbox 871 2683 877 2702; x_wconf 90' lang='grc'><strong>.</strong></span> <span class='ocrx_word' id='word_1_201' title='bbox 898 2653 1026 2703; x_wconf 89' lang='lat' dir='ltr'>tutorem</span> <span class='ocrx_word' id='word_1_202' title='bbox 1044 2647 1148 2703; x_wconf 90' lang='lat' dir='ltr'>habuit</span> <span class='ocrx_word' id='word_1_203' title='bbox 1164 2648 1280 2704; x_wconf 88' lang='lat' dir='ltr'>Willel·</span> 
     </span>
     <span class='ocr_line' id='line_1_24' title="bbox 235 2730 1283 2797; baseline 0.002 -12"><span class='ocrx_word' id='word_1_204' title='bbox 235 2749 316 2785; x_wconf 89' lang='lat' dir='ltr'>mum</span> <span class='ocrx_word' id='word_1_205' title='bbox 336 2773 342 2784; x_wconf 94' lang='lat'>.</span> <span class='ocrx_word' id='word_1_206' title='bbox 365 2771 371 2784; x_wconf 94' lang='lat'>.</span> <span class='ocrx_word' id='word_1_207' title='bbox 394 2773 400 2786; x_wconf 91' lang='lat'>.</span> <span class='ocrx_word' id='word_1_208' title='bbox 421 2730 565 2785; x_wconf 78' lang='lat' dir='ltr'>excussit⁶</span> <span class='ocrx_word' id='word_1_209' title='bbox 594 2730 629 2785; x_wconf 89' lang='lat' dir='ltr'>de</span> <span class='ocrx_word' id='word_1_210' title='bbox 655 2731 751 2786; x_wconf 89' lang='lat' dir='ltr'>aliena</span> <span class='ocrx_word' id='word_1_211' title='bbox 778 2731 928 2787; x_wconf 86' lang='lat' dir='ltr'>voluntate</span> <span class='ocrx_word' id='word_1_212' title='bbox 947 2736 977 2787; x_wconf 88' lang='lat' dir='ltr'>et</span> <span class='ocrx_word' id='word_1_213' title='bbox 994 2731 1234 2797; x_wconf 73' lang='lat' dir='ltr'>information05⁶</span> <span class='ocrx_word' id='word_1_214' title='bbox 1253 2739 1283 2787; x_wconf 88' lang='lat' dir='ltr'>et</span> 
     </span>
     <span class='ocr_line' id='line_1_25' title="bbox 234 2813 1282 2887; baseline -0.001 -16"><span class='ocrx_word' id='word_1_215' title='bbox 234 2815 289 2871; x_wconf 90' lang='lat' dir='ltr'>hoc</span> <span class='ocrx_word' id='word_1_216' title='bbox 307 2832 359 2886; x_wconf 90' lang='lat' dir='ltr'>per</span> <span class='ocrx_word' id='word_1_217' title='bbox 377 2814 533 2870; x_wconf 86' lang='lat' dir='ltr'>consilium</span> <span class='ocrx_word' id='word_1_218' title='bbox 552 2813 680 2870; x_wconf 89' lang='lat' dir='ltr'>Huberti</span> <span class='ocrx_word' id='word_1_219' title='bbox 695 2813 869 2886; x_wconf 84' lang='lat' dir='ltr'>justiciarii.</span> <span class='ocrx_word' id='word_1_220' title='bbox 908 2813 993 2870; x_wconf 85' lang='lat' dir='ltr'>Unde</span> <span class='ocrx_word' id='word_1_221' title='bbox 1019 2833 1076 2870; x_wconf 92' lang='lat' dir='ltr'>non</span> <span class='ocrx_word' id='word_1_222' title='bbox 1100 2815 1163 2887; x_wconf 89' lang='lat' dir='ltr'>jam</span> <span class='ocrx_word' id='word_1_223' title='bbox 1189 2814 1282 2870; x_wconf 90' lang='lat' dir='ltr'>medi·</span> 
     </span>
     <span class='ocr_line' id='line_1_26' title="bbox 236 2898 1281 2972; baseline 0 -19"><span class='ocrx_word' id='word_1_224' title='bbox 236 2898 357 2961; x_wconf 87' lang='lat' dir='ltr'>cerium,</span> <span class='ocrx_word' id='word_1_225' title='bbox 385 2898 437 2954; x_wconf 87' lang='lat' dir='ltr'>sed</span> <span class='ocrx_word' id='word_1_226' title='bbox 461 2898 620 2954; x_wconf 88' lang='lat' dir='ltr'>multorum</span> <span class='ocrx_word' id='word_1_227' title='bbox 646 2904 825 2970; x_wconf 88' lang='lat' dir='ltr'>magnatum,</span> <span class='ocrx_word' id='word_1_228' title='bbox 854 2899 1016 2972; x_wconf 85' lang='lat' dir='ltr'>promeruit</span> <span class='ocrx_word' id='word_1_229' title='bbox 1041 2899 1281 2970; x_wconf 80' lang='lat' dir='ltr'>indignationem.</span> 
     </span>
     <span class='ocr_line' id='line_1_27' title="bbox 235 2981 1323 3058; baseline -0.001 -21"><span class='ocrx_word' id='word_1_230' title='bbox 235 2981 496 3054; x_wconf 87' lang='lat' dir='ltr'>Ineodemitaque</span> <span class='ocrx_word' id='word_1_231' title='bbox 512 3022 654 3037; x_wconf 88' lang='grc'><strong>.......</strong></span> <span class='ocrx_word' id='word_1_232' title='bbox 669 2988 700 3038; x_wconf 90' lang='lat' dir='ltr'>et</span> <span class='ocrx_word' id='word_1_233' title='bbox 712 2983 901 3054; x_wconf 73' lang='lat' dir='ltr'>consignatae,</span> <span class='ocrx_word' id='word_1_234' title='bbox 917 2983 988 3039; x_wconf 91' lang='lat' dir='ltr'>dum</span> <span class='ocrx_word' id='word_1_235' title='bbox 1003 3025 1009 3040; x_wconf 89' lang='lat'>.</span> <span class='ocrx_word' id='word_1_236' title='bbox 1026 3024 1033 3038; x_wconf 93' lang='lat'>.</span> <span class='ocrx_word' id='word_1_237' title='bbox 1049 3025 1056 3038; x_wconf 89' lang='lat'>.</span> <span class='ocrx_word' id='word_1_238' title='bbox 1072 3024 1078 3038; x_wconf 95' lang='lat'>.</span> <span class='ocrx_word' id='word_1_239' title='bbox 1093 2987 1278 3055; x_wconf 86' lang='lat' dir='ltr'>usurpatum.</span> <span class='ocrx_word' id='word_1_240' title='bbox 1318 3048 1323 3058; x_wconf 26' lang='lat'>⁵</span> 
     </span>
     <span class='ocr_line' id='line_1_28' title="bbox 236 3066 1282 3139; baseline 0 -19"><span class='ocrx_word' id='word_1_241' title='bbox 236 3066 327 3122; x_wconf 87' lang='lat' dir='ltr'>Facta</span> <span class='ocrx_word' id='word_1_242' title='bbox 345 3071 391 3121; x_wconf 86' lang='lat' dir='ltr'>est</span> <span class='ocrx_word' id='word_1_243' title='bbox 414 3067 507 3138; x_wconf 88' lang='lat' dir='ltr'>igitur</span> <span class='ocrx_word' id='word_1_244' title='bbox 525 3083 613 3139; x_wconf 89' lang='lat' dir='ltr'>super</span> <span class='ocrx_word' id='word_1_245' title='bbox 633 3109 639 3121; x_wconf 96' lang='lat'>.</span> <span class='ocrx_word' id='word_1_246' title='bbox 661 3108 668 3122; x_wconf 93' lang='lat'>.</span> <span class='ocrx_word' id='word_1_247' title='bbox 690 3109 697 3121; x_wconf 93' lang='lat'>.</span> <span class='ocrx_word' id='word_1_248' title='bbox 717 3071 817 3122; x_wconf 85' lang='lat' dir='ltr'>omnes</span> <span class='ocrx_word' id='word_1_249' title='bbox 842 3067 931 3138; x_wconf 87' lang='lat' dir='ltr'>hujus</span> <span class='ocrx_word' id='word_1_250' title='bbox 961 3066 1190 3139; x_wconf 85' lang='lat' dir='ltr'>perturbationis</span> <span class='ocrx_word' id='word_1_251' title='bbox 1216 3084 1282 3121; x_wconf 89' lang='lat' dir='ltr'>cau·</span> 
     </span>
     <span class='ocr_line' id='line_1_29' title="bbox 237 3151 1280 3222; baseline -0.001 -16"><span class='ocrx_word' id='word_1_252' title='bbox 237 3170 298 3206; x_wconf 86' lang='lat' dir='ltr'>sam</span> <span class='ocrx_word' id='word_1_253' title='bbox 317 3151 477 3207; x_wconf 82' lang='lat' dir='ltr'>refundunt</span> <span class='ocrx_word' id='word_1_254' title='bbox 494 3152 525 3205; x_wconf 94' lang='lat' dir='ltr'>in</span> <span class='ocrx_word' id='word_1_255' title='bbox 539 3152 748 3222; x_wconf 86' lang='lat' dir='ltr'>justiciarium,</span> <span class='ocrx_word' id='word_1_256' title='bbox 763 3157 794 3207; x_wconf 88' lang='lat' dir='ltr'>et</span> <span class='ocrx_word' id='word_1_257' title='bbox 811 3158 961 3207; x_wconf 87' lang='lat' dir='ltr'>auctorem</span> <span class='ocrx_word' id='word_1_258' title='bbox 980 3151 1072 3207; x_wconf 83' lang='lat' dir='ltr'>luisse</span> <span class='ocrx_word' id='word_1_259' title='bbox 1090 3151 1280 3206; x_wconf 88' lang='lat' dir='ltr'>affirmarunt.</span> 
     </span>
     <span class='ocr_line' id='line_1_30' title="bbox 235 3231 1282 3308; baseline 0 -18"><span class='ocrx_word' id='word_1_260' title='bbox 235 3234 276 3290; x_wconf 90' lang='lat' dir='ltr'>Ut</span> <span class='ocrx_word' id='word_1_261' title='bbox 294 3235 386 3308; x_wconf 89' lang='lat' dir='ltr'>igitur</span> <span class='ocrx_word' id='word_1_262' title='bbox 405 3236 504 3291; x_wconf 92' lang='lat' dir='ltr'>odium</span> <span class='ocrx_word' id='word_1_263' title='bbox 522 3236 602 3307; x_wconf 87' lang='lat' dir='ltr'>regis</span> <span class='ocrx_word' id='word_1_264' title='bbox 621 3234 783 3291; x_wconf 85' lang='lat' dir='ltr'>incmreret</span> <span class='ocrx_word' id='word_1_265' title='bbox 803 3277 809 3290; x_wconf 89' lang='lat'>.</span> <span class='ocrx_word' id='word_1_266' title='bbox 832 3277 838 3290; x_wconf 95' lang='lat'>.</span> <span class='ocrx_word' id='word_1_267' title='bbox 861 3278 867 3291; x_wconf 94' lang='lat'>.</span> <span class='ocrx_word' id='word_1_268' title='bbox 887 3236 995 3306; x_wconf 89' lang='lat' dir='ltr'>pedum</span> <span class='ocrx_word' id='word_1_269' title='bbox 1015 3231 1193 3306; x_wconf 85' lang='lat' dir='ltr'>[vestigia],⁷</span> <span class='ocrx_word' id='word_1_270' title='bbox 1216 3253 1282 3306; x_wconf 91' lang='lat' dir='ltr'>pro-</span> 
     </span>
     <span class='ocr_line' id='line_1_31' title="bbox 235 3322 1281 3395; baseline -0.002 -15"><span class='ocrx_word' id='word_1_271' title='bbox 235 3332 383 3380; x_wconf 89' lang='lat' dir='ltr'>curarunt.</span> <span class='ocrx_word' id='word_1_272' title='bbox 419 3323 500 3379; x_wconf 79' lang='lat' dir='ltr'>Tunc</span> <span class='ocrx_word' id='word_1_273' title='bbox 519 3323 724 3380; x_wconf 87' lang='lat' dir='ltr'>denunciatum</span> <span class='ocrx_word' id='word_1_274' title='bbox 745 3366 751 3379; x_wconf 95' lang='lat'>.</span> <span class='ocrx_word' id='word_1_275' title='bbox 774 3366 780 3378; x_wconf 91' lang='lat'>.</span> <span class='ocrx_word' id='word_1_276' title='bbox 803 3365 809 3378; x_wconf 91' lang='lat'>.</span> <span class='ocrx_word' id='word_1_277' title='bbox 831 3329 860 3379; x_wconf 87' lang='lat' dir='ltr'>et</span> <span class='ocrx_word' id='word_1_278' title='bbox 878 3323 953 3389; x_wconf 89' lang='lat' dir='ltr'>aliis,</span> <span class='ocrx_word' id='word_1_279' title='bbox 981 3322 1120 3395; x_wconf 69' lang='lat' dir='ltr'>praedicto</span> <span class='ocrx_word' id='word_1_280' title='bbox 1146 3322 1281 3378; x_wconf 89' lang='lat' dir='ltr'>Huberto</span> 
     </span>
     <span class='ocr_line' id='line_1_32' title="bbox 234 3405 1280 3481; baseline -0.004 -16"><span class='ocrx_word' id='word_1_281' title='bbox 234 3409 331 3465; x_wconf 91' lang='lat' dir='ltr'>omnia</span> <span class='ocrx_word' id='word_1_282' title='bbox 348 3409 410 3464; x_wconf 85' lang='lat' dir='ltr'>haec</span> <span class='ocrx_word' id='word_1_283' title='bbox 429 3412 614 3480; x_wconf 86' lang='lat' dir='ltr'>procurante,</span> <span class='ocrx_word' id='word_1_284' title='bbox 635 3412 668 3463; x_wconf 91' lang='lat' dir='ltr'>ut</span> <span class='ocrx_word' id='word_1_285' title='bbox 686 3407 736 3481; x_wconf 89' lang='lat' dir='ltr'>qui</span> <span class='ocrx_word' id='word_1_286' title='bbox 755 3409 817 3463; x_wconf 87' lang='lat' dir='ltr'>suis</span> <span class='ocrx_word' id='word_1_287' title='bbox 838 3448 1016 3463; x_wconf 91' lang='grc'><strong>.......</strong></span> <span class='ocrx_word' id='word_1_288' title='bbox 1037 3407 1138 3462; x_wconf 88' lang='lat' dir='ltr'>coacti.</span> <span class='ocrx_word' id='word_1_289' title='bbox 1175 3406 1214 3460; x_wconf 77' lang='lat' dir='ltr'>lilt</span> <span class='ocrx_word' id='word_1_290' title='bbox 1235 3405 1280 3461; x_wconf 86' lang='lat' dir='ltr'>sic</span> 
     </span>
     <span class='ocr_line' id='line_1_33' title="bbox 234 3489 1281 3564; baseline -0.003 -17"><span class='ocrx_word' id='word_1_291' title='bbox 234 3494 336 3549; x_wconf 87' lang='lat' dir='ltr'>diatim</span> <span class='ocrx_word' id='word_1_292' title='bbox 355 3493 573 3550; x_wconf 83' lang='lat' dir='ltr'>maledictiones</span> <span class='ocrx_word' id='word_1_293' title='bbox 591 3490 697 3549; x_wconf 82' lang='lat' dir='ltr'>cotidie</span> <span class='ocrx_word' id='word_1_294' title='bbox 716 3511 805 3564; x_wconf 89' lang='lat' dir='ltr'>super</span> <span class='ocrx_word' id='word_1_295' title='bbox 822 3497 911 3564; x_wconf 88' lang='lat' dir='ltr'>caput</span> <span class='ocrx_word' id='word_1_296' title='bbox 929 3491 1101 3564; x_wconf 82' lang='lat' dir='ltr'>aggerabat,</span> <span class='ocrx_word' id='word_1_297' title='bbox 1122 3489 1198 3546; x_wconf 86' lang='lat' dir='ltr'>sicut</span> <span class='ocrx_word' id='word_1_298' title='bbox 1218 3530 1225 3544; x_wconf 91' lang='lat'>.</span> <span class='ocrx_word' id='word_1_299' title='bbox 1246 3531 1253 3545; x_wconf 93' lang='lat'>.</span> <span class='ocrx_word' id='word_1_300' title='bbox 1274 3531 1281 3544; x_wconf 89' lang='lat'>.</span> 
     </span>
     <span class='ocr_line' id='line_1_34' title="bbox 235 3576 1280 3642; baseline -0.003 -9"><span class='ocrx_word' id='word_1_301' title='bbox 235 3578 404 3634; x_wconf 87' lang='lat' dir='ltr'>declarabit.</span> <span class='ocrx_word' id='word_1_302' title='bbox 447 3577 558 3633; x_wconf 86' lang='lat' dir='ltr'>Eodem</span> <span class='ocrx_word' id='word_1_303' title='bbox 577 3595 661 3642; x_wconf 88' lang='lat' dir='ltr'>anno,</span> <span class='ocrx_word' id='word_1_304' title='bbox 681 3576 817 3632; x_wconf 82' lang='lat' dir='ltr'>defuncto</span> <span class='ocrx_word' id='word_1_305' title='bbox 837 3618 844 3632; x_wconf 87' lang='lat'>.</span> <span class='ocrx_word' id='word_1_306' title='bbox 864 3618 871 3630; x_wconf 91' lang='lat'>.</span> <span class='ocrx_word' id='word_1_307' title='bbox 890 3616 897 3632; x_wconf 90' lang='lat'>.</span> <span class='ocrx_word' id='word_1_308' title='bbox 918 3617 924 3631; x_wconf 90' lang='lat'>.</span> <span class='ocrx_word' id='word_1_309' title='bbox 945 3582 1070 3632; x_wconf 89' lang='lat' dir='ltr'>mortem</span> <span class='ocrx_word' id='word_1_310' title='bbox 1089 3593 1183 3640; x_wconf 87' lang='lat' dir='ltr'>suam,</span> <span class='ocrx_word' id='word_1_311' title='bbox 1213 3593 1280 3630; x_wconf 89' lang='lat' dir='ltr'>cum</span> 
     </span>
     <span class='ocr_line' id='line_1_35' title="bbox 235 3657 1278 3732; baseline -0.003 -16"><span class='ocrx_word' id='word_1_312' title='bbox 235 3671 367 3719; x_wconf 86' lang='lat' dir='ltr'>mortuus</span> <span class='ocrx_word' id='word_1_313' title='bbox 396 3663 564 3719; x_wconf 87' lang='lat' dir='ltr'>crederetur</span> <span class='ocrx_word' id='word_1_314' title='bbox 589 3680 643 3717; x_wconf 90' lang='lat' dir='ltr'>nec</span> <span class='ocrx_word' id='word_1_315' title='bbox 668 3665 765 3717; x_wconf 89' lang='lat' dir='ltr'>tamen</span> <span class='ocrx_word' id='word_1_316' title='bbox 783 3667 847 3716; x_wconf 89' lang='lat' dir='ltr'>crat</span> <span class='ocrx_word' id='word_1_317' title='bbox 865 3701 872 3714; x_wconf 91' lang='lat'>.</span> <span class='ocrx_word' id='word_1_318' title='bbox 893 3701 900 3715; x_wconf 93' lang='lat'>.</span> <span class='ocrx_word' id='word_1_319' title='bbox 919 3701 926 3716; x_wconf 93' lang='lat'>.</span> <span class='ocrx_word' id='word_1_320' title='bbox 946 3658 1023 3732; x_wconf 89' lang='lat' dir='ltr'>quod</span> <span class='ocrx_word' id='word_1_321' title='bbox 1040 3659 1155 3715; x_wconf 86' lang='lat' dir='ltr'>viveret</span> <span class='ocrx_word' id='word_1_322' title='bbox 1173 3657 1278 3724; x_wconf 88' lang='lat' dir='ltr'>adhuc,</span> 
     </span>
    </p>
   </div>
   <div class='ocr_carea' id='block_1_7' title="bbox 235 3748 584 3819">
    <p class='ocr_par' dir='ltr' id='par_1_8' title="bbox 235 3748 584 3819">
     <span class='ocr_line' id='line_1_36' title="bbox 235 3748 584 3819; baseline 0.003 -17"><span class='ocrx_word' id='word_1_323' title='bbox 235 3765 288 3819; x_wconf 88' lang='lat' dir='ltr'>per</span> <span class='ocrx_word' id='word_1_324' title='bbox 308 3790 314 3802; x_wconf 93' lang='lat'>.</span> <span class='ocrx_word' id='word_1_325' title='bbox 334 3787 341 3803; x_wconf 90' lang='lat'>.</span> <span class='ocrx_word' id='word_1_326' title='bbox 362 3789 369 3803; x_wconf 85' lang='lat'>.</span> <span class='ocrx_word' id='word_1_327' title='bbox 388 3748 584 3813; x_wconf 85' lang='lat' dir='ltr'>versificator,</span> 
     </span>
    </p>
   </div>
   <div class='ocr_carea' id='block_1_8' title="bbox 414 3859 1079 3935">
    <p class='ocr_par' dir='ltr' id='par_1_9' title="bbox 414 3859 1079 3935">
     <span class='ocr_line' id='line_1_37' title="bbox 414 3859 1079 3935; baseline -0.008 -15"><span class='ocrx_word' id='word_1_328' title='bbox 414 3863 471 3920; x_wconf 81' lang='lat'>⁴⁴0</span> <span class='ocrx_word' id='word_1_329' title='bbox 489 3871 574 3935; x_wconf 87' lang='lat' dir='ltr'>pater</span> <span class='ocrx_word' id='word_1_330' title='bbox 594 3902 744 3919; x_wconf 90' lang='lat'><strong>......</strong></span> <span class='ocrx_word' id='word_1_331' title='bbox 746 3867 747 3875; x_wconf 75' lang='grc'>’</span> <span class='ocrx_word' id='word_1_332' title='bbox 767 3904 773 3917; x_wconf 90' lang='grc'><em>.</em></span> <span class='ocrx_word' id='word_1_333' title='bbox 795 3902 801 3917; x_wconf 90' lang='grc'><strong>.</strong></span> <span class='ocrx_word' id='word_1_334' title='bbox 825 3902 831 3916; x_wconf 93' lang='grc'><em>.</em></span> <span class='ocrx_word' id='word_1_335' title='bbox 853 3860 952 3916; x_wconf 86' lang='lat' dir='ltr'>.vade</span> <span class='ocrx_word' id='word_1_336' title='bbox 970 3859 1079 3916; x_wconf 90' lang='lat' dir='ltr'>mori.”</span> 
     </span>
    </p>
   </div>
   <div class='ocr_carea' id='block_1_9' title="bbox 233 3989 1280 4148">
    <p class='ocr_par' dir='ltr' id='par_1_10' title="bbox 233 3989 1280 4148">
     <span class='ocr_line' id='line_1_38' title="bbox 233 3989 1278 4064; baseline -0.005 -15"><span class='ocrx_word' id='word_1_337' title='bbox 233 3995 291 4049; x_wconf 85' lang='lat' dir='ltr'>Per</span> <span class='ocrx_word' id='word_1_338' title='bbox 304 3993 382 4047; x_wconf 90' lang='lat' dir='ltr'>idem</span> <span class='ocrx_word' id='word_1_339' title='bbox 393 3997 508 4064; x_wconf 87' lang='lat' dir='ltr'>tempus</span> <span class='ocrx_word' id='word_1_340' title='bbox 524 4033 622 4048; x_wconf 92' lang='grc'>.....</span> <span class='ocrx_word' id='word_1_341' title='bbox 635 3992 762 4063; x_wconf 88' lang='lat' dir='ltr'>negotio,</span> <span class='ocrx_word' id='word_1_342' title='bbox 777 3997 897 4062; x_wconf 86' lang='lat' dir='ltr'>propter</span> <span class='ocrx_word' id='word_1_343' title='bbox 910 3990 989 4062; x_wconf 89' lang='lat' dir='ltr'>quod</span> <span class='ocrx_word' id='word_1_344' title='bbox 1002 3990 1117 4045; x_wconf 80' lang='lat' dir='ltr'>fuerant</span> <span class='ocrx_word' id='word_1_345' title='bbox 1129 3989 1278 4046; x_wconf 86' lang='lat' dir='ltr'>destinati.</span> 
     </span>
     <span class='ocr_line' id='line_1_39' title="bbox 234 4075 1280 4148; baseline -0.006 -13"><span class='ocrx_word' id='word_1_346' title='bbox 234 4079 343 4135; x_wconf 88' lang='lat' dir='ltr'>Omnes</span> <span class='ocrx_word' id='word_1_347' title='bbox 370 4077 585 4135; x_wconf 76' lang='lat' dir='ltr'>...Francia</span> <span class='ocrx_word' id='word_1_348' title='bbox 612 4077 848 4148; x_wconf 84' lang='lat' dir='ltr'>pacificabantur.</span> <span class='ocrx_word' id='word_1_349' title='bbox 887 4075 993 4130; x_wconf 82' lang='lat' dir='ltr'>(lomes</span> <span class='ocrx_word' id='word_1_350' title='bbox 1019 4075 1140 4146; x_wconf 86' lang='lat' dir='ltr'>insuper</span> <span class='ocrx_word' id='word_1_351' title='bbox 1165 4075 1280 4130; x_wconf 85' lang='lat' dir='ltr'>Britan-</span> 
     </span>
    </p>
   </div>
   <div class='ocr_carea' id='block_1_10' title="bbox 238 4230 1278 4245">
    <p class='ocr_par' dir='ltr' id='par_1_11' title="bbox 238 4230 1278 4245">
     <span class='ocr_line' id='line_1_40' title="bbox 238 4230 1278 4245; baseline -0.01 -2"><span class='ocrx_word' id='word_1_352' title='bbox 238 4238 315 4245; x_wconf 79' lang='grc'><em>,.,,.-..</em></span> <span class='ocrx_word' id='word_1_353' title='bbox 564 4232 910 4240; x_wconf 44' lang='grc' dir='ltr'>ι-η-..ῤ-ᾳι-ῇ-</span> <span class='ocrx_word' id='word_1_354' title='bbox 935 4232 994 4236; x_wconf 46' lang='grc' dir='ltr'>Δ-</span> <span class='ocrx_word' id='word_1_355' title='bbox 1120 4230 1156 4235; x_wconf 70' lang='grc'>,--</span> <span class='ocrx_word' id='word_1_356' title='bbox 1173 4230 1278 4235; x_wconf 76' lang='grc'>.....--.,</span> 
     </span>
    </p>
   </div>
   <div class='ocr_carea' id='block_1_11' title="bbox 235 4327 1277 4726">
    <p class='ocr_par' dir='ltr' id='par_1_12' title="bbox 269 4327 1169 4396">
     <span class='ocr_line' id='line_1_41' title="bbox 269 4327 1169 4396; baseline -0.001 -15"><span class='ocrx_word' id='word_1_357' title='bbox 269 4331 276 4364; x_wconf 88' lang='lat'>¹</span> <span class='ocrx_word' id='word_1_358' title='bbox 297 4331 420 4396; x_wconf 78' lang='lat' dir='ltr'>Tartara]</span> <span class='ocrx_word' id='word_1_359' title='bbox 439 4329 561 4390; x_wconf 78' lang='lat' dir='ltr'>Tartarla,</span> <span class='ocrx_word' id='word_1_360' title='bbox 571 4330 629 4382; x_wconf 80' lang='lat' dir='ltr'>MS.</span> <span class='ocrx_word' id='word_1_361' title='bbox 811 4329 960 4396; x_wconf 63' lang='grc' dir='ltr'>*παι-ἰτέα]</span> <span class='ocrx_word' id='word_1_362' title='bbox 980 4327 1102 4388; x_wconf 77' lang='lat' dir='ltr'>avaracia,</span> <span class='ocrx_word' id='word_1_363' title='bbox 1112 4328 1169 4380; x_wconf 82' lang='lat' dir='ltr'>MS.</span> 
     </span>
    </p>

    <p class='ocr_par' dir='ltr' id='par_1_13' title="bbox 267 4407 1150 4476">
     <span class='ocr_line' id='line_1_42' title="bbox 267 4407 1150 4476; baseline -0.005 -15"><span class='ocrx_word' id='word_1_364' title='bbox 267 4411 277 4443; x_wconf 72' lang='lat'><strong>²</strong></span> <span class='ocrx_word' id='word_1_365' title='bbox 287 4412 439 4476; x_wconf 77' lang='lat' dir='ltr'>justiciarii]</span> <span class='ocrx_word' id='word_1_366' title='bbox 455 4409 571 4474; x_wconf 72' lang='lat' dir='ltr'>junuarii,</span> <span class='ocrx_word' id='word_1_367' title='bbox 583 4410 639 4462; x_wconf 74' lang='lat' dir='ltr'>MS.</span> <span class='ocrx_word' id='word_1_368' title='bbox 809 4409 820 4440; x_wconf 73' lang='lat'><strong>⁶</strong></span> <span class='ocrx_word' id='word_1_369' title='bbox 838 4409 956 4474; x_wconf 74' lang='lat' dir='ltr'>excussit]</span> <span class='ocrx_word' id='word_1_370' title='bbox 976 4408 1083 4469; x_wconf 86' lang='lat' dir='ltr'>excusit,</span> <span class='ocrx_word' id='word_1_371' title='bbox 1093 4407 1150 4458; x_wconf 89' lang='lat' dir='ltr'>MS.</span> 
     </span>
    </p>

    <p class='ocr_par' dir='ltr' id='par_1_14' title="bbox 235 4483 1277 4726">
     <span class='ocr_line' id='line_1_43' title="bbox 267 4483 1277 4555; baseline -0.007 -13"><span class='ocrx_word' id='word_1_372' title='bbox 267 4491 321 4541; x_wconf 81' lang='lat' dir='ltr'>³A</span> <span class='ocrx_word' id='word_1_373' title='bbox 341 4492 418 4542; x_wconf 89' lang='lat' dir='ltr'>blank</span> <span class='ocrx_word' id='word_1_374' title='bbox 436 4504 510 4555; x_wconf 81' lang='lat' dir='ltr'>space</span> <span class='ocrx_word' id='word_1_375' title='bbox 528 4489 550 4539; x_wconf 92' lang='lat' dir='ltr'>is</span> <span class='ocrx_word' id='word_1_376' title='bbox 569 4488 614 4541; x_wconf 73' lang='lat' dir='ltr'>lest</span> <span class='ocrx_word' id='word_1_377' title='bbox 632 4487 658 4539; x_wconf 87' lang='lat' dir='ltr'>in</span> <span class='ocrx_word' id='word_1_378' title='bbox 675 4487 732 4540; x_wconf 81' lang='lat' dir='ltr'>Ms.</span> <span class='ocrx_word' id='word_1_379' title='bbox 808 4486 1010 4554; x_wconf 48' lang='lat' dir='ltr'>‘infirmariam</span> <span class='ocrx_word' id='word_1_380' title='bbox 1018 4484 1211 4546; x_wconf 71' lang='lat' dir='ltr'>informaclouia</span> <span class='ocrx_word' id='word_1_381' title='bbox 1219 4483 1277 4536; x_wconf 83' lang='lat' dir='ltr'>MS.</span> 
     </span>
     <span class='ocr_line' id='line_1_44' title="bbox 235 4563 1277 4637; baseline -0.004 -17"><span class='ocrx_word' id='word_1_382' title='bbox 235 4571 346 4637; x_wconf 86' lang='lat' dir='ltr'>Perhaps</span> <span class='ocrx_word' id='word_1_383' title='bbox 358 4587 396 4622; x_wconf 74' lang='lat' dir='ltr'>we</span> <span class='ocrx_word' id='word_1_384' title='bbox 407 4569 498 4621; x_wconf 86' lang='lat' dir='ltr'>should</span> <span class='ocrx_word' id='word_1_385' title='bbox 515 4571 574 4621; x_wconf 87' lang='lat' dir='ltr'>read</span> <span class='ocrx_word' id='word_1_386' title='bbox 585 4571 639 4634; x_wconf 76' lang='lat' dir='ltr'>ejas</span> <span class='ocrx_word' id='word_1_387' title='bbox 654 4571 733 4619; x_wconf 67' lang='lat' dir='ltr'>cena-</span> <span class='ocrx_word' id='word_1_388' title='bbox 808 4566 950 4634; x_wconf 66' lang='lat' dir='ltr'>locaticia]</span> <span class='ocrx_word' id='word_1_389' title='bbox 978 4567 1097 4633; x_wconf 80' lang='lat' dir='ltr'>Supplicd</span> <span class='ocrx_word' id='word_1_390' title='bbox 1119 4566 1184 4616; x_wconf 80' lang='lat' dir='ltr'>from</span> <span class='ocrx_word' id='word_1_391' title='bbox 1207 4563 1277 4616; x_wconf 74' lang='lat' dir='ltr'>Hira</span> 
     </span>
     <span class='ocr_line' id='line_1_45' title="bbox 235 4646 851 4726; baseline -0.002 -26"><span class='ocrx_word' id='word_1_392' title='bbox 235 4648 326 4700; x_wconf 78' lang='lat' dir='ltr'>liarica</span> <span class='ocrx_word' id='word_1_393' title='bbox 378 4712 384 4726; x_wconf 38' lang='grc' dir='ltr'>ι</span> <span class='ocrx_word' id='word_1_394' title='bbox 776 4646 851 4714; x_wconf 70' lang='lat' dir='ltr'>Acyl.</span> 
     </span>
    </p>
   </div>
   <div class='ocr_carea' id='block_1_12' title="bbox 0 0 1536 5474">
    <p class='ocr_par' dir='ltr' id='par_1_15' title="bbox 0 0 1536 5474">
     <span class='ocr_line' id='line_1_46' title="bbox 0 0 1536 5474; baseline 0 0"><span class='ocrx_word' id='word_1_395' title='bbox 0 0 1536 5474; x_wconf 95' lang='lat' dir='ltr'> </span> 
     </span>
    </p>
   </div>
  </div>
 </body>
</html>
