3060 5468
315 700 380 763 320
403 711 569 761 narrum
591 710 805 760 rnmsmnsrs
826 710 1058 761 nunauvmrro
1079 711 1345 762 cauomcoauu.

85 875 89 882 '
149 890 217 944 au.
231 895 303 942 1251.
596 886 803 941 Terminantur
821 885 869 940 aa
890 927 897 941 .
921 928 955 940 ..
1376 905 1470 959 ffi,

597 1009 604 1023 .
625 1009 631 1022 .
651 1010 658 1023 .
681 1011 687 1024 .
707 969 775 1025 coeli
794 970 876 1025 solio.

597 1051 674 1108 Siste
696 1054 740 1108 tui
773 1095 779 1107 .
802 1095 807 1107 .
831 1074 855 1107 .·
859 1095 1009 1107 ......

599 1177 770 1191 .......
785 1138 914 1208 proferet
932 1144 1012 1194 atas.

147 1244 262 1362 Mihin

147 1322 215 1364 wine
231 1322 299 1364 ester.

351 1262 501 1323 u⁰.cc⁰,i1⁰.
520 1269 583 1322 Rex
601 1268 776 1342 H[enricus]
795 1271 868 1336 111,
894 1289 969 1326 anuo
996 1271 1081 1342 regni
1110 1273 1156 1327 sui
1176 1281 1287 1339 ΠΜ,
1309 1273 1369 1330 fuit

315 1351 352 1406 ad
376 1352 482 1407 Natale
507 1352 624 1408 Domini
646 1354 811 1410 Wintouiae.
861 1355 956 1410 Nocte
983 1362 1081 1410 autem
1104 1355 1221 1411 Natalis
1245 1356 1368 1414 Domini

147 1430 290 1526 fflffli
316 1437 440 1491 tonitrus
452 1444 498 1491 est
513 1438 630 1493 auditus
649 1445 679 1493 et
696 1440 760 1493 visa
778 1439 983 1495 choruscatio.¹
1018 1440 1090 1504 Rex,
1106 1441 1175 1511 quia
1193 1449 1369 1511 speraverat

147 1544 196 1588 ph,
204 1543 260 1596 king
315 1521 346 1574 iu
357 1525 454 1591 partes
467 1522 611 1592 proficisci
630 1521 824 1577 Orientalium
836 1524 1022 1596 peregrinus,
1043 1524 1093 1577 ubi
1107 1542 1213 1579 aurum
1235 1525 1320 1581 cedit
1337 1527 1369 1581 iu

147 1595 239 1689 Qu
251 1594 303 1646 ⁸⁰¹⁶
315 1615 469 1672 monetam,
490 1627 592 1664 aureos
611 1608 701 1680 coepit
719 1609 886 1664 desiderare
905 1616 935 1664 et
953 1611 1112 1680 colligere,
1139 1616 1172 1663 ut
1197 1611 1250 1680 qui
1275 1629 1368 1682 nego·

315 1692 358 1746 tia
383 1693 518 1764 expedire
542 1694 573 1747 in
597 1694 679 1749 curia
698 1693 780 1763 regi·
809 1693 999 1757 desideraret,
1021 1712 1126 1748 aurum
1150 1695 1248 1765 potius
1278 1714 1369 1768 quam

148 1779 290 1833 'l'heprison-
316 1787 470 1849 argeutum
488 1778 545 1851 ipsi
569 1777 633 1850 regi
657 1778 825 1848 largiretur.
872 1779 999 1842 Mortuo,
1020 1784 1053 1832 ut
1071 1778 1248 1849 praedictum
1268 1776 1368 1851 [est],²

148 1833 305 1935 affimat
317 1862 494 1929 Fretherico,
523 1880 622 1917 omues
648 1862 779 1932 captivos
806 1880 878 1932 quos
909 1861 987 1916 idem
1018 1862 1206 1917 Frethericus
1238 1862 1270 1917 iu
1303 1864 1369 1919 vin·

146 1944 281 2029 {tnffiffw
317 1947 391 2002 culis
409 1952 550 2011 tenuerat,
571 1947 641 2002 fecit
665 1945 762 2000 filius³
781 1946 932 2001 Conradus
951 1947 988 2000 ad
1007 1947 1147 2001 ulteriora
1164 1954 1252 2002 terrae
1271 1953 1368 2004 trans·

147 2033 223 2087 Sicily.
318 2032 397 2094 ferri,
426 2031 512 2086 etad
538 2030 702 2084 Palermam
721 2031 769 2085 vel
788 2030 860 2084 alias
886 2030 995 2084 Sicilia
1018 2031 1160 2096 civitates,
1181 2037 1215 2087 ut
1233 2032 1370 2088 securior

318 2123 395 2170 esset
430 2115 466 2168 de
502 2115 572 2181 illis,
609 2115 778 2168 transmitti,
834 2114 936 2183 Aliqui
972 2119 1071 2168 temen
1101 2133 1203 2169 eorum
1233 2118 1369 2173 concessi

317 2199 455 2262 Raurica,
487 2197 547 2251 filio
574 2197 758 2267 imperatoris
786 2194 989 2267 F[retheriei],
1017 2204 1047 2251 et
1070 2198 1168 2269 nepoti
1193 2200 1276 2271 regis
1306 2200 1368 2256 Au·

318 2283 433 2352 giorum
460 2280 631 2344 redimendi,
663 2281 712 2334 vel
739 2280 824 2334 aliter
852 2281 889 2334 ad
915 2281 1069 2335 arbitrium
1095 2301 1180 2337 auum
1210 2285 1367 2341 tractandi.

148 2350 247 2394 Diffi
318 2364 429 2418 Diebus
455 2369 553 2417 autem
581 2364 635 2418 sub
663 2363 775 2419 eisdem
794 2370 872 2418 mota
892 2371 937 2419 est
955 2364 1120 2420 discordia⁴
1147 2366 1224 2421 inter
1243 2368 1394 2424 Sarace.

147 2402 304 2495 beidibdoihe
316 2466 420 2501 norum
437 2446 672 2518 potentissimos⁵
692 2447 842 2510 Soldanos,
863 2447 914 2502 sed
933 2450 1058 2503 maxime
1076 2451 1153 2504 iuter
1170 2450 1367 2522 Alapensium

147 2503 289 2605 ffiffind
317 2539 347 2586 et
364 2531 583 2585 Babiloniorum
603 2530 743 2585 Soldauos
769 2537 799 2585 ct
829 2533 1030 2602 magistratus.
1069 2533 1304 2604 Indignabantur
1337 2543 1368 2592 et

316 2614 492 2678 invidebant,
513 2633 547 2669 eo
574 2615 651 2685 quod
677 2615 739 2684 ipse
761 2615 980 2670 Babiloniorum
1001 2616 1144 2674 Soldanus
1163 2625 1317 2691 acceperat
1335 2621 1368 2676 in
1396 2629 1472 2682 fota

314 2701 392 2756 bello
417 2717 518 2771 regem
545 2699 733 2761 Francorum,
755 2699 988 2754 Christianorum
1015 2703 1242 2758 famosissimum
1262 2723 1296 2760 ac
1314 2724 1367 2778 po-

314 2785 519 2841 tentissimum.
556 2784 650 2837 Immo
669 2783 734 2853 plus
754 2785 1017 2850 commovebantur,
1031 2804 1065 2840 eo
1079 2786 1175 2858 quod⁶
1187 2789 1285 2859 ipsum
1300 2789 1365 2861 jani

316 2870 498 2940 redemptum
508 2867 518 2906 ⁷
530 2868 656 2921 liberum
670 2868 749 2921 abire
762 2869 945 2938 permiserat,
961 2877 989 2922 et
999 2871 1060 2940 jam
1074 2877 1155 2925 tutus
1169 2873 1246 2942 apud
1258 2875 1366 2931 Achon

148 2946 294 3040 Btffltho
316 2973 382 3008 cum
403 2953 576 3007 Christianis
596 2953 835 3006 commorabatur.
876 2953 996 3006 Summa
1015 2961 1112 3009 autem
1132 2956 1366 3028 redemptionis⁸

147 3008 237 3099 idiunt
316 3039 396 3108 regis
419 3037 598 3090 Francorum
618 3042 680 3090 erat
698 3037 850 3106 sexaginta
868 3037 950 3090 milia
972 3037 1114 3091 librarum
1139 3042 1203 3094 auri
1225 3042 1315 3112 primi
1334 3050 1365 3099 et

192 3110 240 3140 ¹¹⁰⁰·
317 3121 477 3193 purissimi,
499 3120 608 3190 absque
627 3119 693 3174 aliis
713 3120 839 3174 denariis
864 3122 1074 3186 communibus,
1095 3124 1233 3179 videlicet
1262 3126 1366 3183 Ester·

315 3205 415 3274 lingis,
445 3203 661 3258 Turonensibus
687 3209 716 3258 et
744 3204 968 3270 Parisiensibus,
999 3206 1049 3274 qui
1077 3207 1114 3260 ad
1139 3208 1285 3264 infinitum
1310 3231 1365 3266 nu·

315 3305 428 3342 merum
447 3287 648 3340 asconderunt.
686 3287 836 3342 Numerus
855 3295 952 3342 autern
970 3289 1191 3345 interfectorum
1210 3294 1365 3365 sexaginta

315 3373 397 3427 milia
427 3376 455 3423 ct
482 3371 589 3440 viginti
620 3371 701 3424 milia
728 3377 758 3425 et
783 3372 907 3442 amplius
938 3414 943 3424 .
966 3414 971 3425 .
995 3415 1001 3426 .
1030 3374 1228 3440 reddiderunt,
1254 3384 1286 3432 et
1316 3380 1472 3441 illium

148 3449 265 3492 Th⁰³⁰w⁸
316 3460 525 3528 apostatarunt,
546 3455 596 3524 qui
614 3455 679 3525 plus
705 3455 771 3510 aliis
796 3456 878 3509 nobis
904 3457 1087 3512 nocuerunt.⁹
1122 3458 1268 3516 Prohibiti
1294 3470 1365 3522 sunt
1380 3463 1433 3510 1⁰³·

147 3501 304 3592 iiibiiiiinoio
317 3541 413 3596 Judrai
431 3557 483 3611 per
509 3556 609 3609 regem
637 3546 666 3594 et
694 3539 819 3609 regales,
853 3540 906 3594 sub
936 3558 1043 3610 magna
1070 3560 1163 3612 poena,
1190 3562 1226 3598 ne
1257 3563 1363 3604 carnes

147 3599 259 3692 fnpfflffi
268 3613 293 3642 or
316 3625 500 3680 comederent
512 3631 593 3678 sexta
611 3623 692 3686 feria,
714 3624 762 3677 vel
781 3625 813 3676 in
832 3623 1070 3693 Quadragesima.
1103 3626 1269 3684 Odiosiores
1283 3633 1364 3688 enim

316 3711 384 3764 tacti
404 3716 472 3763 sunt
495 3708 560 3778 regi
578 3705 751 3777 Auglorum,
772 3707 841 3777 quia
858 3707 1087 3776 improperatum
1106 3710 1163 3763 fuit
1187 3713 1253 3781 regi
1270 3713 1364 3771 Fran-

315 3811 425 3856 corum,
451 3793 534 3861 quasi
561 3810 614 3862 pro
639 3791 777 3862 obprobio
804 3797 834 3844 et
858 3789 1073 3859 redargutione,
1098 3793 1175 3863 quod
1200 3794 1364 3854 Christiani

315 3878 459 3931 sustinent
478 3875 596 3930 Judaeos
621 3875 752 3930 habitare
776 3875 853 3929 inter
878 3891 919 3937 se,
946 3875 997 3943 qui
1021 3875 1178 3930 Dominum
1202 3896 1305 3935 eorum
1334 3890 1365 3940 et

315 3961 409 4014 Deum
418 3958 438 3990 ¹⁰
456 3964 500 4013 tot
517 3958 685 4013 lacessitum
703 3958 819 4028 injuriis
838 3957 955 4012 taudem
974 3959 1186 4016 crucifixerunt.
1220 3962 1362 4023 Memfre·

349 4137 356 4167 ¹
374 4135 537 4200 chemerario]
557 4136 711 4195 coruseacio,
721 4135 777 4186 MS.
888 4134 939 4183 ⁶eo
951 4135 1027 4201 quod]
1041 4138 1144 4202 eoquia,
1152 4139 1208 4190 MS.
1217 4144 1267 4192 and
1274 4143 1363 4196 Floret

348 4240 358 4270 ²
375 4240 423 4304 eat]
444 4239 564 4302 Supplied
574 4239 638 4288 from
650 4237 735 4288 Floret
744 4239 811 4289 Har.
858 4214 925 4263 Hm·

347 4331 358 4361 ³
369 4329 455 4396 filins]
474 4331 548 4380 Ader
569 4330 620 4379 this
642 4332 715 4380 word
736 4332 759 4380 is
780 4348 812 4382 au
890 4293 1076 4359 mmmm]
1097 4299 1235 4361 redepmm’
1248 4301 1307 4352 MS·

311 4423 421 4461 erasure.
455 4411 485 4459 Iu
498 4407 720 4471 Eddfiliusillius.
889 4372 900 4483 Ξ
918 4372 1360 4529 rsegffinzfflmredepczwffg]

347 4504 401 4553 ⁴⁶⁸¹
409 4500 542 4566 wadia]
553 4500 686 4565 Rt‘Pfflted’
694 4504 813 4567 by‘m’
858 4531 913 4594 See,
925 4531 953 4580 iu
965 4534 1055 4597 regnrd
1066 4539 1092 4582 to
1108 4493 1364 4605 these'paragmphs,

313 4584 340 4632 in
352 4583 461 4634 theMS·
857 4610 1300 4679 rhenoteinflar.naql.,iii.1oa

347 4686 559 4752 ammaon]
571 4686 812 4750 potentissimaMS.
892 4688 912 4720 ¹⁰
923 4707 1002 4739 rmum
1013 4700 1036 4740 et
1047 4690 1143 4759 Deum]
1159 4693 1362 4752 onmerasure.
