3060 5474
368 739 415 788 aa
437 738 595 788 rruroau
619 738 720 792 aucis
740 739 888 789 amaror
910 739 1033 792 amru.
1151 729 1215 792 253

168 910 296 967 torum.”
342 912 381 966 Et
409 913 480 967 dum
516 913 588 968 talia
617 913 793 979 dicerentur,
824 915 907 971 venit
944 915 1101 980 lohannes,
1134 916 1215 987 regis
1228 922 1297 973 ab.
1311 927 1383 973 1226.

167 995 369 1060 Marescallus,
384 1001 493 1050 etcum
512 1014 546 1051 eo
565 997 616 1051 alii
634 999 715 1068 regis
733 1000 842 1063 nuncii,
863 1005 992 1070 exparte
1005 1000 1068 1069 ejus
1090 1041 1096 1053 .
1119 1041 1124 1054 .
1147 1042 1154 1054 .
1177 1012 1183 1054 ;
1205 1041 1211 1053 .

10 1082 56 1132 fol.
71 1081 136 1134 art.
168 1079 300 1135 ecolesiae
318 1080 492 1149 obligarent,
512 1081 589 1135 unde
610 1122 616 1135 .
639 1124 645 1135 .
668 1123 674 1135 .
696 1084 725 1135 in
747 1083 843 1137 medio
862 1082 1099 1153 Quadragesimae
1120 1125 1125 1138 .
1148 1125 1154 1138 .
1177 1125 1183 1138 .
1206 1125 1213 1138 .

169 1165 333 1220 sortiretur.
373 1163 432 1218 Sed
450 1164 495 1218 illi
514 1165 623 1236 absque
644 1163 761 1237 [regis]¹
782 1173 813 1223 et
830 1168 955 1222 aliorum
981 1167 1146 1223 absentium
1170 1186 1215 1223 as-

169 1266 256 1304 sensu
276 1290 282 1302 .
305 1288 312 1302 .
334 1289 340 1301 .
362 1247 399 1301 ad
416 1248 536 1318 propria
552 1254 728 1305 remearunt.
767 1250 944 1322 Dictumque
963 1251 1008 1306 illi
1027 1250 1154 1321 O[ttoni]
1182 1251 1214 1306 in
1227 1249 1309 1328 Rpply

168 1350 240 1388 aure
267 1333 418 1396 seoretius,
444 1331 522 1402 quod
549 1333 575 1388 si
600 1331 740 1389 iteraret²
756 1336 857 1405 potita,
878 1353 945 1391 cum
962 1353 1020 1391 non
1036 1337 1131 1406 possit
1149 1335 1214 1391 sitis
1227 1322 1363 1433 {mmm

169 1416 266 1472 sedari
287 1433 452 1480 avarorum,
473 1416 561 1470 citius
588 1416 836 1489 depauperabitur
863 1419 994 1474 Romana
1019 1420 1102 1474 curia
1127 1437 1215 1490 quam
1229 1397 1337 1499 Othoga

168 1499 319 1563 ditabitur,
335 1506 365 1554 et
383 1500 514 1570 asperius
526 1518 698 1571 responsum
717 1504 863 1574 acciperet
874 1504 1054 1573 negativum.
1088 1502 1215 1558 Verum·
1227 1515 1352 1577 touching
1372 1529 1378 1542 ·

169 1589 268 1638 tamen
293 1601 453 1653 aggressus
479 1589 525 1639 est
551 1585 665 1655 aliquos
692 1585 729 1640 de
753 1588 941 1657 praelatorum
965 1587 1216 1657 praestantioribus
1228 1581 1271 1630 2¹¹⁹
1282 1582 1367 1645 P⁰P²’⁸

170 1685 259 1740 super
270 1668 335 1731 hoe,
350 1667 420 1737 quid
438 1686 491 1738 pro
509 1686 648 1738 responso
666 1669 770 1725 darent
782 1689 896 1726 summo
907 1671 1047 1742 pontifici.
1084 1670 1217 1726 Dictum·
1227 1649 1355 1698 demd‘l

170 1771 229 1823 que
256 1752 284 1807 ei
309 1752 436 1807 fideliter
459 1753 491 1807 in
510 1760 631 1817 secreto,
652 1754 731 1823 quod
748 1761 943 1826 expectarent,
963 1755 1055 1810 donec
1072 1755 1217 1811 vidissent

171 1838 244 1907 quid
267 1837 325 1891 alia
349 1855 442 1908 regna
467 1837 596 1892 facerent
613 1837 705 1909 prius,
725 1845 759 1893 ut
777 1840 820 1894 sic
837 1838 952 1911 plenius
972 1837 1044 1911 quid
1069 1839 1215 1911 agendum

170 1921 370 1976 edocerentur.
420 1920 563 1976 Dominus
594 1922 671 1976 enim
709 1940 785 1993 papa
814 1923 853 1978 ad
878 1923 1006 1978 similem
1037 1924 1214 1979 exactionem

170 2005 310 2075 legatum,
331 2005 444 2060 seilicet
463 2004 612 2059 dominum
633 2005 805 2070 Romanum,
830 2006 1034 2062 destinaverat.
1071 2007 1217 2078 Magister

170 2088 263 2160 igitur
281 2086 389 2158 O[tto],
409 2107 486 2153 cum,
506 2090 597 2143 misso
615 2091 721 2146 nuncio
739 2090 845 2145 festino
862 2092 894 2145 in
913 2090 1049 2156 Galliam,
1063 2091 1215 2147 didicisset

170 2173 249 2243 quod
274 2173 369 2228 socius
396 2191 467 2228 suus
492 2172 641 2228 Romanus
659 2173 767 2228 durum
792 2174 835 2228 ibi
862 2180 893 2229 ot
908 2175 1079 2245 negativum
1096 2193 1216 2249 raspon-

170 2275 236 2312 sum
253 2263 441 2328 reportasset,
461 2260 490 2311 et
508 2256 611 2311 durius
630 2256 815 2321 formidabat,
837 2258 929 2322 siluit,
956 2264 986 2314 et
1011 2260 1106 2315 doluit
1128 2280 1213 2335 prop·

169 2349 216 2396 ter
233 2342 288 2396 hoc
308 2342 339 2395 in
355 2341 496 2411 Angliam
515 2341 677 2396 advenisse.
715 2340 755 2397 llt
772 2359 839 2397 ecca
858 2343 952 2398 literae
971 2362 988 2397 a
1006 2344 1122 2399 domino
1140 2364 1216 2418 papa
1229 2357 1373 2411 111⁸er

169 2427 349 2481 transmissas
368 2426 464 2479 eidem
482 2423 610 2496 O[ttoni]
630 2431 852 2497 praesentantur.
890 2426 927 2481 In
954 2428 1060 2498 quibus
1086 2431 1216 2486 contine-

169 2511 256 2565 batur
276 2551 282 2564 .
305 2553 311 2563 .
334 2552 340 2564 .
361 2515 507 2564 enervata.
558 2508 670 2578 Quibus
700 2527 767 2564 cum
797 2511 844 2565 ira
872 2509 904 2564 in
934 2511 1035 2581 iguem
1063 2513 1213 2585 projectis,
1228 2531 1371 2585 numos

176 2593 344 2665 compositis
358 2610 394 2647 ox
406 2592 529 2648 collecta
546 2595 671 2665 pecunia
687 2594 805 2649 refertis
833 2594 961 2658 clitellis,
981 2595 1051 2650 ilico
1074 2600 1216 2669 repeti-ia·
1228 2600 1272 2650 the
1283 2601 1366 2665 legate

170 2679 222 2734 vit.
262 2677 405 2732 Similiter
422 2677 538 2746 legatus
557 2676 587 2733 in
606 2677 731 2732 Francia
748 2677 897 2733 Romanus
915 2679 1011 2734 tristis
1023 2685 1053 2735 et
1070 2681 1216 2752 inglorius
1230 2665 1359 2744 ll⁰m⁸¹¹¹¹⁸

171 2763 336 2832 iniectoque
346 2760 357 2792 ³
366 2762 485 2831 negotio
498 2767 542 2815 est
554 2760 699 2831 repulsus.
718 2761 888 2833 Eodemque
895 2767 1027 2833 tempore
1037 2763 1214 2830 Willelmus,
1229 2733 1371 2862 31⁸?ss

170 2863 266 2900 comes
281 2845 509 2909 Sarisbiriensis,
524 2845 652 2914 glorioso
665 2845 738 2899 fine⁴
751 2846 842 2900 vitam
854 2847 1032 2902 terminavit.
1071 2847 1216 2906 Ricardus
1229 2825 1377 2928 thffeassli'of

169 2947 240 2985 vero
259 2929 294 2983 de
312 2928 449 2991 Mariseo,
470 2929 677 2999 religiosorum
695 2929 819 2984 malleus
833 2936 863 2985 et
875 2930 1006 2984 ecclesiae
1024 2949 1085 2985 suae
1103 2931 1215 3004 deprae·
1229 2943 1360 3009 Salisbury

169 3015 263 3077 dator,
283 3031 299 3068 e
318 3020 419 3068 contra
436 3013 492 3066 fine
510 3013 671 3067 miserabili
689 3014 768 3085 apud
785 3014 918 3085 Burgum
937 3018 1028 3071 vitam
1046 3035 1215 3087 pomposam
1227 3011 1329 3074 andbt·
1342 3011 1371 3060 ⁰s

170 3105 201 3154 et
226 3098 360 3152 inutilem
386 3097 607 3152 consummavit.
653 3096 744 3168 Cujus
770 3098 970 3169 epitaphium⁵
995 3100 1064 3154 huic
1087 3102 1212 3172 paginae,
1228 3075 1351 3126 Durham·

171 3184 241 3254 quia
259 3182 442 3246 conveniens
463 3181 599 3236 duximus
617 3181 822 3237 inserendum:

207 3290 344 3345 Culmina
362 3290 413 3360 qui
432 3289 551 3360 cupitis,
579 3288 596 3355 l
674 3290 788 3345 Laudes
807 3308 987 3362 pompasque
1007 3291 1107 3357 sititis,
1150 3294 1168 3361 l
1228 3304 1379 3369 Epitaphos

206 3374 260 3428 Est
278 3374 377 3429 sedata
396 3373 469 3438 sitia,
590 3373 595 3502 1
676 3374 708 3429 si
726 3393 773 3428 mo
791 3393 913 3447 pensare
930 3376 1038 3431 velitis.
1160 3371 1166 3492 l
1229 3371 1271 3421 ²1¹0
1282 3372 1379 3436 bl⁸h⁰tt

206 3457 263 3525 Qui
281 3459 402 3529 populos
421 3457 535 3528 regitis,
676 3455 821 3510 Memores
841 3457 1044 3527 superomnia
1063 3458 1138 3522 sitis,
1162 3500 1176 3569 p

207 3541 289 3610 Quod
307 3560 385 3595 mors
403 3542 535 3604 immitis,
676 3539 743 3594 Non
760 3540 855 3610 parcit
872 3540 980 3594 honoro
998 3541 1108 3610 potitis.

208 3625 299 3679 Vobis
319 3624 493 3696 propositis,
582 3504 608 3774 Χ
679 3621 811 3679 Similis⁶
824 3625 945 3687 fueram,
960 3625 1032 3678 bene
1046 3573 1168 3774 scitis]

206 3708 288 3777 Quod
307 3728 382 3773 sum,
402 3727 453 3763 vos
473 3708 565 3770 eritis,
677 3703 725 3758 Ad
742 3720 789 3757 me
808 3703 950 3758 currendo
968 3706 1085 3760 venitis.

170 3815 244 3886 Ejus
283 3823 381 3870 autem
420 3832 525 3885 corpus
563 3811 693 3866 delatum
726 3815 772 3865 est
798 3810 977 3864 Dunelmum
1000 3810 1213 3866 tumulandum.
1229 3835 1284 3886 The
1295 3836 1358 3887 0100,

169 3898 333 3967 Elegerunt
351 3904 448 3953 autom
473 3896 607 3951 monachi
633 3895 697 3950 loco
715 3894 778 3964 ejus
798 3894 1015 3965 subrogandum
1033 3894 1214 3950 Willelmum
1229 3902 1296 4018 tifopp
1311 3904 1384 3954 made

1230 3985 1245 4017 o
1294 3985 1306 4018 s

205 4106 309 4169 ¹rapis]
349 4104 468 4168 supplied
503 4105 568 4152 from
600 4100 669 4151 Hiar.
716 4101 790 4150 Paris
813 4108 839 4150 to
861 4101 904 4151 the
923 4108 977 4151 text
997 4101 1028 4150 of
1046 4102 1089 4152 tbe
1112 4103 1218 4155 Greater

171 4186 243 4250 Anpl.
286 4186 341 4234 The
360 4186 442 4234 words
462 4192 485 4232 et
508 4184 609 4231 aliorum
628 4197 670 4231 are
716 4179 849 4231 Chronicle
872 4182 898 4229 in
917 4181 948 4229 Β.
968 4179 996 4231 C.
1018 4183 1069 4244 (ed.
1089 4183 1168 4241 Wata,
1191 4201 1215 4248 p.

173 4267 256 4330 partly
270 4265 362 4314 erased.
716 4262 786 4322 3³2).
821 4259 853 4308 Iu
868 4261 911 4309 the
929 4261 1022 4311 former
1039 4261 1058 4311 it
1075 4262 1096 4312 ia
1113 4262 1216 4322 headed,

204 4345 214 4375 2
232 4345 344 4408 iteraret]
365 4344 446 4403 iteret,
458 4342 513 4392 MS.
716 4338 904 4402 “Epitaphium
927 4339 1030 4390 Ricardi
1047 4343 1078 4390 de
1097 4342 1215 4397 Marisco.

205 4424 216 4453 ³
232 4424 380 4488 infectoque]
401 4422 559 4484 imfectoque,
571 4419 626 4470 MS.
715 4418 825 4483 episcopi
838 4419 963 4479 Dunelmi,
975 4421 1070 4470 editum
1082 4437 1097 4470 a
1108 4423 1215 4485 quodam

205 4503 215 4533 ⁴
226 4504 292 4568 fiae]
312 4503 396 4560 finem,
408 4501 464 4552 MS.
714 4499 839 4548 monacho
851 4500 1038 4549 Dunelmenai.’'

205 4584 215 4614 ⁵
233 4583 295 4634 This
307 4582 405 4647 epitaph
417 4581 438 4629 is
450 4579 554 4630 omitted
565 4578 592 4627 in
601 4577 668 4627 Hiar.
748 4577 872 4643 lainedo]
892 4578 973 4639 simul,
997 4580 1062 4637 MS,
1084 4582 1129 4628 but
1150 4594 1213 4629 corr.

173 4662 253 4726 nupt,
275 4665 320 4712 but
343 4662 363 4712 ia
386 4662 465 4711 added
491 4661 525 4724 by
547 4657 669 4708 Matthew
714 4656 781 4706 from
792 4658 821 4706 B.
835 4657 863 4706 C.
