<?xml version="1.0" encoding="UTF-8"?>
<!DOCTYPE html PUBLIC "-//W3C//DTD XHTML 1.0 Transitional//EN"
    "http://www.w3.org/TR/xhtml1/DTD/xhtml1-transitional.dtd">
<html xmlns="http://www.w3.org/1999/xhtml" xml:lang="en" lang="en">
 <head>
  <title>
</title>
<meta http-equiv="Content-Type" content="text/html;charset=utf-8" />
  <meta name='ocr-system' content='tesseract 3.04.00' />
  <meta name='ocr-capabilities' content='ocr_page ocr_carea ocr_par ocr_line ocrx_word'/>
</head>
<body>
  <div class='ocr_page' id='page_1' title='image "./matthiparisiens02parigoog/matthiparisiens02parigoog_0352.png"; bbox 0 0 3060 5468; ppageno 0'>
   <div class='ocr_carea' id='block_1_1' title="bbox 355 735 1205 801">
    <p class='ocr_par' dir='ltr' id='par_1_1' title="bbox 355 735 1205 801">
     <span class='ocr_line' id='line_1_1' title="bbox 355 735 1205 801; baseline 0.021 -18"><span class='ocrx_word' id='word_1_1' title='bbox 355 735 402 784; x_wconf 81' lang='lat' dir='ltr'><strong>nn</strong></span> <span class='ocrx_word' id='word_1_2' title='bbox 424 737 581 787; x_wconf 81' lang='lat' dir='ltr'><strong>ruuronn</strong></span> <span class='ocrx_word' id='word_1_3' title='bbox 604 740 704 791; x_wconf 80' lang='lat' dir='ltr'><strong>naurs</strong></span> <span class='ocrx_word' id='word_1_4' title='bbox 727 743 872 795; x_wconf 80' lang='lat' dir='ltr'><strong>nsumor</strong></span> <span class='ocrx_word' id='word_1_5' title='bbox 893 747 1016 797; x_wconf 78' lang='lat' dir='ltr'><strong>ranna</strong></span> <span class='ocrx_word' id='word_1_6' title='bbox 1142 736 1205 801; x_wconf 80' lang='lat'><strong>285</strong></span> 
     </span>
    </p>
   </div>
   <div class='ocr_carea' id='block_1_2' title="bbox 163 911 1370 998">
    <p class='ocr_par' dir='ltr' id='par_1_2' title="bbox 163 911 1370 998">
     <span class='ocr_line' id='line_1_2' title="bbox 163 911 1370 998; baseline 0.022 -28"><span class='ocrx_word' id='word_1_7' title='bbox 163 911 247 971; x_wconf 84' lang='lat' dir='ltr'><strong>Unde</strong></span> <span class='ocrx_word' id='word_1_8' title='bbox 273 933 377 987; x_wconf 86' lang='lat' dir='ltr'><strong>regem</strong></span> <span class='ocrx_word' id='word_1_9' title='bbox 401 916 520 987; x_wconf 82' lang='lat' dir='ltr'><strong>Angliae</strong></span> <span class='ocrx_word' id='word_1_10' title='bbox 546 916 577 972; x_wconf 91' lang='lat' dir='ltr'><strong>in</strong></span> <span class='ocrx_word' id='word_1_11' title='bbox 602 916 831 989; x_wconf 66' lang='lat' dir='ltr'><strong>adjutorium&#39;Jet</strong></span> <span class='ocrx_word' id='word_1_12' title='bbox 849 923 990 981; x_wconf 87' lang='lat' dir='ltr'><strong>ultionem</strong></span> <span class='ocrx_word' id='word_1_13' title='bbox 1014 945 1067 998; x_wconf 89' lang='lat' dir='ltr'><strong>per</strong></span> <span class='ocrx_word' id='word_1_14' title='bbox 1083 929 1206 986; x_wconf 78' lang='lat' dir='ltr'><strong>nuncios</strong></span> <span class='ocrx_word' id='word_1_15' title='bbox 1219 941 1287 994; x_wconf 81' lang='lat' dir='ltr'><strong>AJ).</strong></span> <span class='ocrx_word' id='word_1_16' title='bbox 1300 949 1370 998; x_wconf 76' lang='lat'>1242.</span> 
     </span>
    </p>
   </div>
   <div class='ocr_carea' id='block_1_3' title="bbox 163 1000 1372 1169">
    <p class='ocr_par' dir='ltr' id='par_1_3' title="bbox 163 1000 1372 1169">
     <span class='ocr_line' id='line_1_3' title="bbox 163 1000 1372 1090; baseline 0.02 -38"><span class='ocrx_word' id='word_1_17' title='bbox 163 1003 194 1053; x_wconf 89' lang='lat' dir='ltr'><strong>et</strong></span> <span class='ocrx_word' id='word_1_18' title='bbox 210 1000 347 1070; x_wconf 79' lang='lat' dir='ltr'><strong>epistolas</strong></span> <span class='ocrx_word' id='word_1_19' title='bbox 366 1007 507 1072; x_wconf 87' lang='lat' dir='ltr'><strong>urgentes</strong></span> <span class='ocrx_word' id='word_1_20' title='bbox 532 1004 657 1067; x_wconf 87' lang='lat' dir='ltr'><strong>vocavit,</strong></span> <span class='ocrx_word' id='word_1_21' title='bbox 683 1007 858 1076; x_wconf 86' lang='lat' dir='ltr'><strong>promittens</strong></span> <span class='ocrx_word' id='word_1_22' title='bbox 884 1009 912 1064; x_wconf 88' lang='lat' dir='ltr'><strong>ei</strong></span> <span class='ocrx_word' id='word_1_23' title='bbox 938 1011 1036 1067; x_wconf 89' lang='lat' dir='ltr'><strong>omnia</strong></span> <span class='ocrx_word' id='word_1_24' title='bbox 1057 1013 1127 1083; x_wconf 84' lang='lat' dir='ltr'><strong>jura</strong></span> <span class='ocrx_word' id='word_1_25' title='bbox 1154 1032 1207 1069; x_wconf 85' lang='lat' dir='ltr'><strong>sua</strong></span> <span class='ocrx_word' id='word_1_26' title='bbox 1220 1023 1263 1073; x_wconf 83' lang='lat' dir='ltr'><strong>aid</strong></span> <span class='ocrx_word' id='word_1_27' title='bbox 1273 1026 1372 1090; x_wconf 80' lang='lat' dir='ltr'><strong>against</strong></span> 
     </span>
     <span class='ocr_line' id='line_1_4' title="bbox 163 1085 1321 1169; baseline 0.011 -28"><span class='ocrx_word' id='word_1_28' title='bbox 163 1085 353 1142; x_wconf 87' lang='lat' dir='ltr'><strong>ultramarina</strong></span> <span class='ocrx_word' id='word_1_29' title='bbox 370 1093 504 1160; x_wconf 87' lang='lat' dir='ltr'><strong>potenter</strong></span> <span class='ocrx_word' id='word_1_30' title='bbox 522 1105 668 1144; x_wconf 87' lang='lat' dir='ltr'><strong>revocare.</strong></span> <span class='ocrx_word' id='word_1_31' title='bbox 705 1089 843 1163; x_wconf 88' lang='lat' dir='ltr'><strong>Applicat</strong></span> <span class='ocrx_word' id='word_1_32' title='bbox 854 1111 950 1149; x_wconf 89' lang='lat' dir='ltr'><strong>comes</strong></span> <span class='ocrx_word' id='word_1_33' title='bbox 963 1095 1106 1153; x_wconf 83' lang='lat' dir='ltr'><strong>Ricardus</strong></span> <span class='ocrx_word' id='word_1_34' title='bbox 1125 1117 1207 1169; x_wconf 89' lang='lat' dir='ltr'><strong>pros·</strong></span> <span class='ocrx_word' id='word_1_35' title='bbox 1218 1090 1321 1142; x_wconf 68' lang='lat' dir='ltr'><strong>manee.</strong></span> 
     </span>
    </p>
   </div>
   <div class='ocr_carea' id='block_1_4' title="bbox 153 1171 1370 4110">
    <p class='ocr_par' dir='ltr' id='par_1_4' title="bbox 159 1171 1370 1926">
     <span class='ocr_line' id='line_1_5' title="bbox 162 1171 1337 1250; baseline 0.009 -24"><span class='ocrx_word' id='word_1_36' title='bbox 162 1189 232 1242; x_wconf 91' lang='lat' dir='ltr'><strong>pere</strong></span> <span class='ocrx_word' id='word_1_37' title='bbox 249 1174 281 1226; x_wconf 90' lang='lat' dir='ltr'><strong>in</strong></span> <span class='ocrx_word' id='word_1_38' title='bbox 298 1172 416 1244; x_wconf 83' lang='lat' dir='ltr'><strong>Anglia,</strong></span> <span class='ocrx_word' id='word_1_39' title='bbox 443 1171 576 1227; x_wconf 84' lang='lat' dir='ltr'><strong>kalendis</strong></span> <span class='ocrx_word' id='word_1_40' title='bbox 602 1172 765 1230; x_wconf 76' lang='lat' dir='ltr'><strong>Februarii.</strong></span> <span class='ocrx_word' id='word_1_41' title='bbox 804 1175 867 1231; x_wconf 82' lang='lat' dir='ltr'><strong>Rex</strong></span> <span class='ocrx_word' id='word_1_42' title='bbox 892 1183 923 1232; x_wconf 90' lang='lat' dir='ltr'><strong>et</strong></span> <span class='ocrx_word' id='word_1_43' title='bbox 947 1180 1052 1250; x_wconf 88' lang='lat' dir='ltr'><strong>regina</strong></span> <span class='ocrx_word' id='word_1_44' title='bbox 1071 1182 1205 1238; x_wconf 90' lang='lat' dir='ltr'><strong>etmulti</strong></span> <span class='ocrx_word' id='word_1_45' title='bbox 1254 1175 1337 1226; x_wconf 82' lang='lat' dir='ltr'><strong>lFeb.</strong></span> 
     </span>
     <span class='ocr_line' id='line_1_6' title="bbox 162 1252 1322 1333; baseline 0.009 -23"><span class='ocrx_word' id='word_1_46' title='bbox 162 1256 278 1328; x_wconf 82' lang='lat' dir='ltr'><strong>Angliae</strong></span> <span class='ocrx_word' id='word_1_47' title='bbox 304 1261 456 1327; x_wconf 88' lang='lat' dir='ltr'><strong>magnates</strong></span> <span class='ocrx_word' id='word_1_48' title='bbox 482 1257 646 1328; x_wconf 81' lang='lat' dir='ltr'><strong>gaudenter</strong></span> <span class='ocrx_word' id='word_1_49' title='bbox 673 1266 830 1316; x_wconf 88' lang='lat' dir='ltr'><strong>occurrunt</strong></span> <span class='ocrx_word' id='word_1_50' title='bbox 855 1261 992 1318; x_wconf 86' lang='lat' dir='ltr'><strong>venienti.</strong></span> <span class='ocrx_word' id='word_1_51' title='bbox 1031 1263 1114 1333; x_wconf 83' lang='lat' dir='ltr'><strong>Quod</strong></span> <span class='ocrx_word' id='word_1_52' title='bbox 1138 1285 1205 1322; x_wconf 89' lang='lat' dir='ltr'><strong>eum</strong></span> <span class='ocrx_word' id='word_1_53' title='bbox 1219 1252 1322 1303; x_wconf 56' lang='grc' dir='ltr'><strong>ΑΜ</strong></span> 
     </span>
     <span class='ocr_line' id='line_1_7' title="bbox 162 1318 1331 1437; baseline 0.006 -40"><span class='ocrx_word' id='word_1_54' title='bbox 162 1341 382 1412; x_wconf 84' lang='lat' dir='ltr'><strong>cognovissent¹</strong></span> <span class='ocrx_word' id='word_1_55' title='bbox 401 1343 598 1406; x_wconf 86' lang='lat' dir='ltr'><strong>Pictaveuscs,</strong></span> <span class='ocrx_word' id='word_1_56' title='bbox 618 1349 688 1397; x_wconf 90' lang='lat' dir='ltr'><strong>tune</strong></span> <span class='ocrx_word' id='word_1_57' title='bbox 706 1342 824 1400; x_wconf 90' lang='lat' dir='ltr'><strong>demum</strong></span> <span class='ocrx_word' id='word_1_58' title='bbox 837 1347 931 1418; x_wconf 90' lang='lat' dir='ltr'><strong>magis</strong></span> <span class='ocrx_word' id='word_1_59' title='bbox 943 1365 978 1403; x_wconf 89' lang='lat' dir='ltr'><strong>ac</strong></span> <span class='ocrx_word' id='word_1_60' title='bbox 990 1351 1085 1420; x_wconf 88' lang='lat' dir='ltr'><strong>magis</strong></span> <span class='ocrx_word' id='word_1_61' title='bbox 1104 1351 1206 1406; x_wconf 89' lang='lat' dir='ltr'><strong>stimu·</strong></span> <span class='ocrx_word' id='word_1_62' title='bbox 1217 1318 1331 1437; x_wconf 49' lang='lat' dir='ltr'><strong>{ml</strong></span> 
     </span>
     <span class='ocr_line' id='line_1_8' title="bbox 162 1402 1370 1517; baseline 0.006 -34"><span class='ocrx_word' id='word_1_63' title='bbox 162 1427 247 1483; x_wconf 91' lang='lat' dir='ltr'><strong>lando</strong></span> <span class='ocrx_word' id='word_1_64' title='bbox 265 1429 492 1483; x_wconf 73' lang='lat' dir='ltr'><strong>exhortabantur</strong></span> <span class='ocrx_word' id='word_1_65' title='bbox 519 1434 579 1483; x_wconf 89' lang='lat' dir='ltr'><strong>tam</strong></span> <span class='ocrx_word' id='word_1_66' title='bbox 605 1428 741 1485; x_wconf 88' lang='lat' dir='ltr'><strong>comitem</strong></span> <span class='ocrx_word' id='word_1_67' title='bbox 767 1448 855 1502; x_wconf 88' lang='lat' dir='ltr'><strong>quam</strong></span> <span class='ocrx_word' id='word_1_68' title='bbox 879 1449 990 1504; x_wconf 88' lang='lat' dir='ltr'><strong>regem,</strong></span> <span class='ocrx_word' id='word_1_69' title='bbox 1010 1435 1093 1489; x_wconf 89' lang='lat' dir='ltr'><strong>utin</strong></span> <span class='ocrx_word' id='word_1_70' title='bbox 1110 1435 1206 1490; x_wconf 84' lang='lat' dir='ltr'><strong>Picta·</strong></span> <span class='ocrx_word' id='word_1_71' title='bbox 1220 1402 1370 1517; x_wconf 63' lang='lat' dir='ltr'><strong>rasisse.</strong></span> 
     </span>
     <span class='ocr_line' id='line_1_9' title="bbox 162 1514 1349 1597; baseline 0.009 -29"><span class='ocrx_word' id='word_1_72' title='bbox 162 1514 240 1568; x_wconf 87' lang='lat' dir='ltr'><strong>viam</strong></span> <span class='ocrx_word' id='word_1_73' title='bbox 268 1515 368 1569; x_wconf 87' lang='lat' dir='ltr'><strong>venire</strong></span> <span class='ocrx_word' id='word_1_74' title='bbox 393 1532 452 1569; x_wconf 91' lang='lat' dir='ltr'><strong>non</strong></span> <span class='ocrx_word' id='word_1_75' title='bbox 480 1514 666 1586; x_wconf 78' lang='lat' dir='ltr'><strong>pigritarent,</strong></span> <span class='ocrx_word' id='word_1_76' title='bbox 694 1516 864 1571; x_wconf 88' lang='lat' dir='ltr'><strong>comitatum</strong></span> <span class='ocrx_word' id='word_1_77' title='bbox 891 1517 1031 1573; x_wconf 84' lang='lat' dir='ltr'><strong>Pictavias</strong></span> <span class='ocrx_word' id='word_1_78' title='bbox 1056 1524 1086 1572; x_wconf 88' lang='lat' dir='ltr'><strong>et</strong></span> <span class='ocrx_word' id='word_1_79' title='bbox 1109 1521 1206 1574; x_wconf 88' lang='lat' dir='ltr'><strong>omnia</strong></span> <span class='ocrx_word' id='word_1_80' title='bbox 1219 1529 1349 1597; x_wconf 74' lang='lat' dir='ltr'><strong>vinsurge</strong></span> 
     </span>
     <span class='ocr_line' id='line_1_10' title="bbox 159 1596 1344 1673; baseline 0.005 -21"><span class='ocrx_word' id='word_1_81' title='bbox 159 1599 229 1669; x_wconf 82' lang='lat' dir='ltr'><strong>jura</strong></span> <span class='ocrx_word' id='word_1_82' title='bbox 253 1616 353 1669; x_wconf 88' lang='lat' dir='ltr'><strong>regem</strong></span> <span class='ocrx_word' id='word_1_83' title='bbox 380 1598 546 1670; x_wconf 85' lang='lat' dir='ltr'><strong>Anglorum</strong></span> <span class='ocrx_word' id='word_1_84' title='bbox 571 1599 772 1668; x_wconf 81' lang='lat' dir='ltr'><strong>contingentia</strong></span> <span class='ocrx_word' id='word_1_85' title='bbox 790 1601 926 1656; x_wconf 84' lang='lat' dir='ltr'><strong>continuo</strong></span> <span class='ocrx_word' id='word_1_86' title='bbox 944 1603 1090 1673; x_wconf 88' lang='lat' dir='ltr'><strong>recepturi</strong></span> <span class='ocrx_word' id='word_1_87' title='bbox 1100 1625 1109 1667; x_wconf 90' lang='lat'>;</span> <span class='ocrx_word' id='word_1_88' title='bbox 1129 1603 1204 1658; x_wconf 90' lang='lat' dir='ltr'><strong>unde</strong></span> <span class='ocrx_word' id='word_1_89' title='bbox 1218 1596 1344 1663; x_wconf 69' lang='lat' dir='ltr'><strong>Hfflryto</strong></span> 
     </span>
     <span class='ocr_line' id='line_1_11' title="bbox 161 1673 1324 1778; baseline 0.004 -40"><span class='ocrx_word' id='word_1_90' title='bbox 161 1701 212 1738; x_wconf 84' lang='lat' dir='ltr'><strong>rex</strong></span> <span class='ocrx_word' id='word_1_91' title='bbox 230 1702 248 1738; x_wconf 85' lang='lat' dir='ltr'><strong>a</strong></span> <span class='ocrx_word' id='word_1_92' title='bbox 265 1683 517 1739; x_wconf 79' lang='lat' dir='ltr'><strong>transfretatione²</strong></span> <span class='ocrx_word' id='word_1_93' title='bbox 540 1684 620 1738; x_wconf 92' lang='lat' dir='ltr'><strong>nullo</strong></span> <span class='ocrx_word' id='word_1_94' title='bbox 645 1683 776 1738; x_wconf 90' lang='lat' dir='ltr'><strong>fidelium</strong></span> <span class='ocrx_word' id='word_1_95' title='bbox 802 1703 920 1739; x_wconf 88' lang='lat' dir='ltr'><strong>suorum</strong></span> <span class='ocrx_word' id='word_1_96' title='bbox 946 1687 1067 1742; x_wconf 89' lang='lat' dir='ltr'><strong>consilio</strong></span> <span class='ocrx_word' id='word_1_97' title='bbox 1091 1673 1324 1778; x_wconf 44' lang='lat' dir='ltr'><strong>poterat&amp;meto</strong></span> 
     </span>
     <span class='ocr_line' id='line_1_12' title="bbox 161 1746 1293 1841; baseline 0.004 -17"><span class='ocrx_word' id='word_1_98' title='bbox 161 1768 312 1824; x_wconf 87' lang='lat' dir='ltr'><strong>retardari.</strong></span> <span class='ocrx_word' id='word_1_99' title='bbox 351 1769 413 1823; x_wconf 88' lang='lat' dir='ltr'><strong>Rex</strong></span> <span class='ocrx_word' id='word_1_100' title='bbox 430 1769 585 1840; x_wconf 89' lang='lat' dir='ltr'><strong>pecuniam</strong></span> <span class='ocrx_word' id='word_1_101' title='bbox 603 1769 701 1839; x_wconf 85' lang='lat' dir='ltr'><strong>exegit</strong></span> <span class='ocrx_word' id='word_1_102' title='bbox 719 1787 736 1822; x_wconf 95' lang='lat' dir='ltr'><strong>a</strong></span> <span class='ocrx_word' id='word_1_103' title='bbox 754 1769 879 1839; x_wconf 84' lang='lat' dir='ltr'><strong>singulis</strong></span> <span class='ocrx_word' id='word_1_104' title='bbox 897 1771 1028 1841; x_wconf 77' lang='lat' dir='ltr'><strong>praelatis</strong></span> <span class='ocrx_word' id='word_1_105' title='bbox 1045 1791 1104 1828; x_wconf 90' lang='lat' dir='ltr'><strong>non</strong></span> <span class='ocrx_word' id='word_1_106' title='bbox 1120 1773 1205 1828; x_wconf 90' lang='lat' dir='ltr'><strong>mini·</strong></span> <span class='ocrx_word' id='word_1_107' title='bbox 1246 1746 1293 1784; x_wconf 57' lang='grc' dir='ltr'><strong>ω’</strong></span> 
     </span>
     <span class='ocr_line' id='line_1_13' title="bbox 162 1852 1205 1926; baseline 0.007 -20"><span class='ocrx_word' id='word_1_108' title='bbox 162 1871 247 1916; x_wconf 88' lang='lat' dir='ltr'><strong>mam,</strong></span> <span class='ocrx_word' id='word_1_109' title='bbox 261 1854 298 1908; x_wconf 90' lang='lat' dir='ltr'><strong>ad</strong></span> <span class='ocrx_word' id='word_1_110' title='bbox 315 1854 379 1908; x_wconf 79' lang='lat' dir='ltr'><strong>haee</strong></span> <span class='ocrx_word' id='word_1_111' title='bbox 397 1870 451 1907; x_wconf 93' lang='lat' dir='ltr'><strong>sua</strong></span> <span class='ocrx_word' id='word_1_112' title='bbox 465 1853 534 1923; x_wconf 90' lang='lat' dir='ltr'><strong>jura</strong></span> <span class='ocrx_word' id='word_1_113' title='bbox 551 1852 735 1923; x_wconf 87' lang='lat' dir='ltr'><strong>requirenda.</strong></span> <span class='ocrx_word' id='word_1_114' title='bbox 773 1852 884 1908; x_wconf 85' lang='lat' dir='ltr'><strong>Eodem</strong></span> <span class='ocrx_word' id='word_1_115' title='bbox 896 1860 1036 1926; x_wconf 86' lang='lat' dir='ltr'><strong>tempore,</strong></span> <span class='ocrx_word' id='word_1_116' title='bbox 1050 1859 1205 1914; x_wconf 90' lang='lat' dir='ltr'><strong>commisso</strong></span> 
     </span>
    </p>

    <p class='ocr_par' dir='ltr' id='par_1_5' title="bbox 161 1937 1205 2010">
     <span class='ocr_line' id='line_1_14' title="bbox 161 1937 1205 2010; baseline 0.005 -17"><span class='ocrx_word' id='word_1_117' title='bbox 161 1955 252 2010; x_wconf 89' lang='lat' dir='ltr'><strong>regno</strong></span> <span class='ocrx_word' id='word_1_118' title='bbox 269 1938 387 2008; x_wconf 77' lang='lat' dir='ltr'><strong>Anglioe</strong></span> <span class='ocrx_word' id='word_1_119' title='bbox 406 1937 622 2007; x_wconf 86' lang='lat' dir='ltr'><strong>archiepiscopo</strong></span> <span class='ocrx_word' id='word_1_120' title='bbox 646 1937 822 1992; x_wconf 82' lang='lat' dir='ltr'><strong>Eberaeenai</strong></span> <span class='ocrx_word' id='word_1_121' title='bbox 840 1937 970 1994; x_wconf 88' lang='lat' dir='ltr'><strong>Waltero</strong></span> <span class='ocrx_word' id='word_1_122' title='bbox 988 1940 1026 1995; x_wconf 84' lang='lat' dir='ltr'><strong>ad</strong></span> <span class='ocrx_word' id='word_1_123' title='bbox 1044 1941 1205 1998; x_wconf 89' lang='lat' dir='ltr'><strong>custodien-</strong></span> 
     </span>
    </p>

    <p class='ocr_par' dir='ltr' id='par_1_6' title="bbox 69 2021 1368 2766">
     <span class='ocr_line' id='line_1_15' title="bbox 162 2021 1348 2102; baseline 0.008 -25"><span class='ocrx_word' id='word_1_124' title='bbox 162 2022 239 2087; x_wconf 87' lang='lat' dir='ltr'><strong>dum,</strong></span> <span class='ocrx_word' id='word_1_125' title='bbox 260 2022 403 2095; x_wconf 89' lang='lat' dir='ltr'><strong>disposita</strong></span> <span class='ocrx_word' id='word_1_126' title='bbox 421 2022 523 2084; x_wconf 87' lang='lat' dir='ltr'><strong>classe,</strong></span> <span class='ocrx_word' id='word_1_127' title='bbox 544 2021 610 2075; x_wconf 92' lang='lat' dir='ltr'><strong>idus</strong></span> <span class='ocrx_word' id='word_1_128' title='bbox 622 2021 695 2075; x_wconf 88' lang='lat' dir='ltr'><strong>Maii</strong></span> <span class='ocrx_word' id='word_1_129' title='bbox 711 2038 777 2075; x_wconf 90' lang='lat' dir='ltr'><strong>cum</strong></span> <span class='ocrx_word' id='word_1_130' title='bbox 788 2022 925 2078; x_wconf 87' lang='lat' dir='ltr'><strong>thesauro</strong></span> <span class='ocrx_word' id='word_1_131' title='bbox 943 2025 1079 2091; x_wconf 71' lang='lat' dir='ltr'><strong>marimo,</strong></span> <span class='ocrx_word' id='word_1_132' title='bbox 1099 2029 1204 2098; x_wconf 82' lang='lat' dir='ltr'><strong>prout³</strong></span> <span class='ocrx_word' id='word_1_133' title='bbox 1235 2041 1265 2085; x_wconf 87' lang='lat'><strong>15</strong></span> <span class='ocrx_word' id='word_1_134' title='bbox 1279 2037 1348 2102; x_wconf 79' lang='lat' dir='ltr'><strong>May.</strong></span> 
     </span>
     <span class='ocr_line' id='line_1_16' title="bbox 161 2103 1320 2177; baseline 0.005 -15"><span class='ocrx_word' id='word_1_135' title='bbox 161 2124 256 2162; x_wconf 85' lang='lat' dir='ltr'><strong>comes</strong></span> <span class='ocrx_word' id='word_1_136' title='bbox 283 2107 319 2162; x_wconf 88' lang='lat' dir='ltr'><strong>de</strong></span> <span class='ocrx_word' id='word_1_137' title='bbox 344 2107 478 2161; x_wconf 85' lang='lat' dir='ltr'><strong>Marchia</strong></span> <span class='ocrx_word' id='word_1_138' title='bbox 502 2112 697 2177; x_wconf 85' lang='lat' dir='ltr'><strong>persuaserat,</strong></span> <span class='ocrx_word' id='word_1_139' title='bbox 730 2106 808 2177; x_wconf 87' lang='lat' dir='ltr'><strong>apud</strong></span> <span class='ocrx_word' id='word_1_140' title='bbox 837 2107 1011 2163; x_wconf 86' lang='lat' dir='ltr'><strong>Portesmue</strong></span> <span class='ocrx_word' id='word_1_141' title='bbox 1038 2128 1090 2165; x_wconf 81' lang='lat' dir='ltr'><strong>rex</strong></span> <span class='ocrx_word' id='word_1_142' title='bbox 1114 2131 1203 2168; x_wconf 86' lang='lat' dir='ltr'><strong>naves</strong></span> <span class='ocrx_word' id='word_1_143' title='bbox 1217 2103 1320 2152; x_wconf 58' lang='grc' dir='ltr'><strong>ΗΕΘΜ·</strong></span> 
     </span>
     <span class='ocr_line' id='line_1_17' title="bbox 161 2170 1329 2283; baseline 0.003 -35.708"><span class='ocrx_word' id='word_1_144' title='bbox 161 2192 299 2255; x_wconf 84' lang='lat' dir='ltr'><strong>ascendit,</strong></span> <span class='ocrx_word' id='word_1_145' title='bbox 311 2191 536 2246; x_wconf 87' lang='lat' dir='ltr'><strong>comitantibus.</strong></span> <span class='ocrx_word' id='word_1_146' title='bbox 552 2233 559 2244; x_wconf 93' lang='lat'><strong>.</strong></span> <span class='ocrx_word' id='word_1_147' title='bbox 576 2231 582 2243; x_wconf 89' lang='lat'>.</span> <span class='ocrx_word' id='word_1_148' title='bbox 599 2232 605 2245; x_wconf 90' lang='lat'><strong>.</strong></span> <span class='ocrx_word' id='word_1_149' title='bbox 621 2190 775 2245; x_wconf 88' lang='lat' dir='ltr'><strong>militibus.</strong></span> <span class='ocrx_word' id='word_1_150' title='bbox 814 2189 937 2259; x_wconf 79' lang='lat' dir='ltr'><strong>Quidam</strong></span> <span class='ocrx_word' id='word_1_151' title='bbox 949 2193 1035 2248; x_wconf 88' lang='lat' dir='ltr'><strong>miles</strong></span> <span class='ocrx_word' id='word_1_152' title='bbox 1049 2170 1262 2283; x_wconf 52' lang='lat' dir='ltr'><strong>deHiber-II‘,ar</strong></span> <span class='ocrx_word' id='word_1_153' title='bbox 1280 2176 1329 2220; x_wconf 58' lang='lat' dir='ltr'><strong>Mt</strong></span> 
     </span>
     <span class='ocr_line' id='line_1_18' title="bbox 160 2245 1310 2354; baseline 0.006 -25"><span class='ocrx_word' id='word_1_154' title='bbox 160 2277 217 2340; x_wconf 92' lang='lat' dir='ltr'><strong>nia,</strong></span> <span class='ocrx_word' id='word_1_155' title='bbox 248 2277 415 2331; x_wconf 89' lang='lat' dir='ltr'><strong>Willelmus</strong></span> <span class='ocrx_word' id='word_1_156' title='bbox 443 2274 479 2329; x_wconf 87' lang='lat' dir='ltr'><strong>de</strong></span> <span class='ocrx_word' id='word_1_157' title='bbox 505 2274 642 2337; x_wconf 88' lang='lat' dir='ltr'><strong>Marisco,</strong></span> <span class='ocrx_word' id='word_1_158' title='bbox 672 2274 749 2329; x_wconf 88' lang='lat' dir='ltr'><strong>lilius</strong></span> <span class='ocrx_word' id='word_1_159' title='bbox 777 2273 902 2330; x_wconf 86' lang='lat' dir='ltr'><strong>Galfridi</strong></span> <span class='ocrx_word' id='word_1_160' title='bbox 929 2277 965 2331; x_wconf 91' lang='lat' dir='ltr'><strong>de</strong></span> <span class='ocrx_word' id='word_1_161' title='bbox 990 2278 1126 2346; x_wconf 88' lang='lat' dir='ltr'><strong>Marisco,</strong></span> <span class='ocrx_word' id='word_1_162' title='bbox 1152 2245 1310 2354; x_wconf 52' lang='lat' dir='ltr'><strong>quimffi,</strong></span> 
     </span>
     <span class='ocr_line' id='line_1_19' title="bbox 160 2358 1352 2433; baseline 0.006 -19"><span class='ocrx_word' id='word_1_163' title='bbox 160 2360 226 2414; x_wconf 82' lang='lat' dir='ltr'><strong>exul</strong></span> <span class='ocrx_word' id='word_1_164' title='bbox 244 2360 467 2423; x_wconf 84' lang='lat' dir='ltr'><strong>acclamabatur,</strong></span> <span class='ocrx_word' id='word_1_165' title='bbox 487 2358 518 2412; x_wconf 92' lang='lat' dir='ltr'><strong>in</strong></span> <span class='ocrx_word' id='word_1_166' title='bbox 537 2358 634 2413; x_wconf 89' lang='lat' dir='ltr'><strong>insula</strong></span> <span class='ocrx_word' id='word_1_167' title='bbox 660 2358 696 2413; x_wconf 91' lang='lat' dir='ltr'><strong>do</strong></span> <span class='ocrx_word' id='word_1_168' title='bbox 721 2358 832 2423; x_wconf 88' lang='lat' dir='ltr'><strong>Luude,</strong></span> <span class='ocrx_word' id='word_1_169' title='bbox 860 2378 917 2415; x_wconf 88' lang='lat' dir='ltr'><strong>non</strong></span> <span class='ocrx_word' id='word_1_170' title='bbox 942 2363 1070 2418; x_wconf 90' lang='lat' dir='ltr'><strong>multum</strong></span> <span class='ocrx_word' id='word_1_171' title='bbox 1088 2383 1105 2419; x_wconf 93' lang='lat' dir='ltr'><strong>a</strong></span> <span class='ocrx_word' id='word_1_172' title='bbox 1123 2366 1352 2433; x_wconf 50' lang='lat' dir='ltr'><strong>Bria-ahenum</strong></span> 
     </span>
     <span class='ocr_line' id='line_1_20' title="bbox 159 2443 1361 2513; baseline 0.004 -13"><span class='ocrx_word' id='word_1_173' title='bbox 159 2445 238 2501; x_wconf 90' lang='lat' dir='ltr'><strong>toldo</strong></span> <span class='ocrx_word' id='word_1_174' title='bbox 256 2445 391 2505; x_wconf 84' lang='lat' dir='ltr'><strong>distante,</strong></span> <span class='ocrx_word' id='word_1_175' title='bbox 412 2443 578 2499; x_wconf 86' lang='lat' dir='ltr'><strong>convocatis</strong></span> <span class='ocrx_word' id='word_1_176' title='bbox 596 2443 733 2513; x_wconf 87' lang='lat' dir='ltr'><strong>plurimis</strong></span> <span class='ocrx_word' id='word_1_177' title='bbox 750 2444 965 2513; x_wconf 85' lang='lat' dir='ltr'><strong>vispillonibus,</strong></span> <span class='ocrx_word' id='word_1_178' title='bbox 979 2447 1107 2513; x_wconf 85' lang='lat' dir='ltr'><strong>latitans,</strong></span> <span class='ocrx_word' id='word_1_179' title='bbox 1121 2469 1201 2505; x_wconf 89' lang='lat' dir='ltr'><strong>more</strong></span> <span class='ocrx_word' id='word_1_180' title='bbox 1215 2449 1361 2499; x_wconf 73' lang='lat' dir='ltr'><strong>ofWilllam</strong></span> 
     </span>
     <span class='ocr_line' id='line_1_21' title="bbox 158 2515 1368 2605; baseline 0.007 -23"><span class='ocrx_word' id='word_1_181' title='bbox 158 2529 280 2600; x_wconf 87' lang='lat' dir='ltr'><strong>piratico</strong></span> <span class='ocrx_word' id='word_1_182' title='bbox 308 2528 415 2599; x_wconf 85' lang='lat' dir='ltr'><strong>praedis</strong></span> <span class='ocrx_word' id='word_1_183' title='bbox 443 2528 538 2582; x_wconf 90' lang='lat' dir='ltr'><strong>inhiat</strong></span> <span class='ocrx_word' id='word_1_184' title='bbox 565 2533 595 2581; x_wconf 90' lang='lat' dir='ltr'><strong>et</strong></span> <span class='ocrx_word' id='word_1_185' title='bbox 619 2527 738 2598; x_wconf 87' lang='lat' dir='ltr'><strong>rapinis.</strong></span> <span class='ocrx_word' id='word_1_186' title='bbox 784 2528 913 2583; x_wconf 79' lang='lat' dir='ltr'><strong>Tandem</strong></span> <span class='ocrx_word' id='word_1_187' title='bbox 937 2538 1049 2602; x_wconf 89' lang='lat' dir='ltr'><strong>captus,</strong></span> <span class='ocrx_word' id='word_1_188' title='bbox 1075 2534 1139 2605; x_wconf 88' lang='lat' dir='ltr'><strong>ipsc</strong></span> <span class='ocrx_word' id='word_1_189' title='bbox 1165 2536 1201 2590; x_wconf 88' lang='lat' dir='ltr'><strong>ad</strong></span> <span class='ocrx_word' id='word_1_190' title='bbox 1215 2515 1368 2566; x_wconf 60' lang='lat' dir='ltr'><strong>deMfflm·</strong></span> 
     </span>
     <span class='ocr_line' id='line_1_22' title="bbox 158 2594 1349 2684; baseline 0.003 -16"><span class='ocrx_word' id='word_1_191' title='bbox 158 2614 263 2668; x_wconf 73' lang='lat' dir='ltr'><strong>caudm</strong></span> <span class='ocrx_word' id='word_1_192' title='bbox 282 2631 433 2683; x_wconf 89' lang='lat' dir='ltr'><strong>equorum,</strong></span> <span class='ocrx_word' id='word_1_193' title='bbox 453 2630 521 2667; x_wconf 92' lang='lat' dir='ltr'><strong>cum</strong></span> <span class='ocrx_word' id='word_1_194' title='bbox 539 2612 596 2666; x_wconf 64' lang='lat' dir='ltr'><strong>xvi·</strong></span> <span class='ocrx_word' id='word_1_195' title='bbox 617 2612 704 2666; x_wconf 89' lang='lat' dir='ltr'><strong>sociis</strong></span> <span class='ocrx_word' id='word_1_196' title='bbox 723 2612 796 2682; x_wconf 87' lang='lat' dir='ltr'><strong>ejus,</strong></span> <span class='ocrx_word' id='word_1_197' title='bbox 816 2612 847 2666; x_wconf 91' lang='lat' dir='ltr'><strong>in</strong></span> <span class='ocrx_word' id='word_1_198' title='bbox 865 2614 969 2684; x_wconf 87' lang='lat' dir='ltr'><strong>vigilia</strong></span> <span class='ocrx_word' id='word_1_199' title='bbox 986 2617 1078 2671; x_wconf 87' lang='lat' dir='ltr'><strong>sancti</strong></span> <span class='ocrx_word' id='word_1_200' title='bbox 1098 2617 1200 2673; x_wconf 87' lang='lat' dir='ltr'><strong>Jacobi</strong></span> <span class='ocrx_word' id='word_1_201' title='bbox 1231 2599 1263 2643; x_wconf 70' lang='lat'><strong>²4</strong></span> <span class='ocrx_word' id='word_1_202' title='bbox 1277 2594 1349 2660; x_wconf 52' lang='grc' dir='ltr'><strong>ΝΥ·</strong></span> 
     </span>
     <span class='ocr_line' id='line_1_23' title="bbox 156 2694 1201 2766; baseline 0.001 -12"><span class='ocrx_word' id='word_1_203' title='bbox 156 2704 267 2754; x_wconf 87' lang='lat' dir='ltr'><strong>tractus</strong></span> <span class='ocrx_word' id='word_1_204' title='bbox 295 2704 341 2752; x_wconf 90' lang='lat' dir='ltr'><strong>est</strong></span> <span class='ocrx_word' id='word_1_205' title='bbox 367 2694 449 2766; x_wconf 87' lang='lat' dir='ltr'><strong>[ad]⁴</strong></span> <span class='ocrx_word' id='word_1_206' title='bbox 475 2695 648 2766; x_wconf 88' lang='lat' dir='ltr'><strong>patibulum,</strong></span> <span class='ocrx_word' id='word_1_207' title='bbox 676 2701 706 2749; x_wconf 92' lang='lat' dir='ltr'><strong>et</strong></span> <span class='ocrx_word' id='word_1_208' title='bbox 730 2696 839 2750; x_wconf 86' lang='lat' dir='ltr'><strong>ibidem</strong></span> <span class='ocrx_word' id='word_1_209' title='bbox 868 2698 1076 2754; x_wconf 85' lang='lat' dir='ltr'><strong>miserabiliter</strong></span> <span class='ocrx_word' id='word_1_210' title='bbox 1101 2718 1201 2755; x_wconf 88' lang='lat' dir='ltr'><strong>omues</strong></span> 
     </span>
    </p>

    <p class='ocr_par' dir='ltr' id='par_1_7' title="bbox 154 2780 1369 3185">
     <span class='ocr_line' id='line_1_24' title="bbox 156 2780 1369 2857; baseline 0.006 -20"><span class='ocrx_word' id='word_1_211' title='bbox 156 2789 225 2837; x_wconf 87' lang='lat' dir='ltr'><strong>sunt</strong></span> <span class='ocrx_word' id='word_1_212' title='bbox 243 2782 386 2852; x_wconf 81' lang='lat' dir='ltr'><strong>suspensi.</strong></span> <span class='ocrx_word' id='word_1_213' title='bbox 423 2780 486 2833; x_wconf 87' lang='lat' dir='ltr'><strong>Rex</strong></span> <span class='ocrx_word' id='word_1_214' title='bbox 504 2780 693 2844; x_wconf 84' lang='lat' dir='ltr'><strong>Francorum,</strong></span> <span class='ocrx_word' id='word_1_215' title='bbox 707 2783 904 2851; x_wconf 83' lang='lat' dir='ltr'><strong>congregato⁵</strong></span> <span class='ocrx_word' id='word_1_216' title='bbox 916 2783 1042 2837; x_wconf 84' lang='lat' dir='ltr'><strong>maximo</strong></span> <span class='ocrx_word' id='word_1_217' title='bbox 1060 2785 1199 2848; x_wconf 88' lang='lat' dir='ltr'><strong>exercitu,</strong></span> <span class='ocrx_word' id='word_1_218' title='bbox 1215 2793 1369 2857; x_wconf 52' lang='lat' dir='ltr'><strong>suesceret</strong></span> 
     </span>
     <span class='ocr_line' id='line_1_25' title="bbox 156 2860 1291 2937; baseline 0.001 -17"><span class='ocrx_word' id='word_1_219' title='bbox 156 2866 285 2920; x_wconf 90' lang='lat' dir='ltr'><strong>occurrit</strong></span> <span class='ocrx_word' id='word_1_220' title='bbox 301 2864 449 2918; x_wconf 81' lang='lat' dir='ltr'><strong>hostiliter</strong></span> <span class='ocrx_word' id='word_1_221' title='bbox 467 2864 531 2930; x_wconf 89' lang='lat' dir='ltr'><strong>regi</strong></span> <span class='ocrx_word' id='word_1_222' title='bbox 550 2862 723 2932; x_wconf 84' lang='lat' dir='ltr'><strong>Anglorum‚</strong></span> <span class='ocrx_word' id='word_1_223' title='bbox 744 2882 810 2917; x_wconf 90' lang='lat' dir='ltr'><strong>cum</strong></span> <span class='ocrx_word' id='word_1_224' title='bbox 826 2865 888 2933; x_wconf 82' lang='lat' dir='ltr'><strong>jam</strong></span> <span class='ocrx_word' id='word_1_225' title='bbox 907 2884 1044 2937; x_wconf 89' lang='lat' dir='ltr'><strong>prospere</strong></span> <span class='ocrx_word' id='word_1_226' title='bbox 1064 2868 1093 2923; x_wconf 91' lang='lat' dir='ltr'><strong>in</strong></span> <span class='ocrx_word' id='word_1_227' title='bbox 1112 2869 1200 2937; x_wconf 89' lang='lat' dir='ltr'><strong>parti·</strong></span> <span class='ocrx_word' id='word_1_228' title='bbox 1214 2860 1291 2934; x_wconf 59' lang='lat' dir='ltr'><strong>Lffllfifl</strong></span> 
     </span>
     <span class='ocr_line' id='line_1_26' title="bbox 154 2927 1368 3041; baseline 0.001 -38"><span class='ocrx_word' id='word_1_229' title='bbox 154 2950 211 3003; x_wconf 87' lang='lat' dir='ltr'><strong>bus</strong></span> <span class='ocrx_word' id='word_1_230' title='bbox 230 2947 421 3001; x_wconf 83' lang='lat' dir='ltr'><strong>ulterioribus</strong></span> <span class='ocrx_word' id='word_1_231' title='bbox 447 2946 645 3015; x_wconf 87' lang='lat' dir='ltr'><strong>applicuisset.</strong></span> <span class='ocrx_word' id='word_1_232' title='bbox 683 2946 722 3000; x_wconf 83' lang='lat' dir='ltr'><strong>Et</strong></span> <span class='ocrx_word' id='word_1_233' title='bbox 749 2947 862 3001; x_wconf 86' lang='lat' dir='ltr'><strong>irruens</strong></span> <span class='ocrx_word' id='word_1_234' title='bbox 889 2949 984 3018; x_wconf 86' lang='lat' dir='ltr'><strong>primo</strong></span> <span class='ocrx_word' id='word_1_235' title='bbox 1010 2950 1040 3003; x_wconf 91' lang='lat' dir='ltr'><strong>in</strong></span> <span class='ocrx_word' id='word_1_236' title='bbox 1066 2952 1200 3004; x_wconf 88' lang='lat' dir='ltr'><strong>comitem</strong></span> <span class='ocrx_word' id='word_1_237' title='bbox 1215 2927 1368 3041; x_wconf 41' lang='lat' dir='ltr'><strong>agm‘fftsth‘</strong></span> 
     </span>
     <span class='ocr_line' id='line_1_27' title="bbox 155 3006 1317 3106; baseline 0.001 -19"><span class='ocrx_word' id='word_1_238' title='bbox 155 3035 192 3087; x_wconf 93' lang='lat' dir='ltr'><strong>de</strong></span> <span class='ocrx_word' id='word_1_239' title='bbox 210 3032 352 3094; x_wconf 86' lang='lat' dir='ltr'><strong>Marehia,</strong></span> <span class='ocrx_word' id='word_1_240' title='bbox 373 3036 469 3084; x_wconf 86' lang='lat' dir='ltr'><strong>eastra</strong></span> <span class='ocrx_word' id='word_1_241' title='bbox 493 3031 557 3098; x_wconf 87' lang='lat' dir='ltr'><strong>ejus</strong></span> <span class='ocrx_word' id='word_1_242' title='bbox 585 3027 694 3083; x_wconf 84' lang='lat' dir='ltr'><strong>diruit⁶</strong></span> <span class='ocrx_word' id='word_1_243' title='bbox 718 3035 770 3084; x_wconf 89' lang='lat' dir='ltr'><strong>aut</strong></span> <span class='ocrx_word' id='word_1_244' title='bbox 794 3032 872 3102; x_wconf 90' lang='lat' dir='ltr'><strong>cepit</strong></span> <span class='ocrx_word' id='word_1_245' title='bbox 887 3034 1040 3087; x_wconf 85' lang='lat' dir='ltr'><strong>violenter.</strong></span> <span class='ocrx_word' id='word_1_246' title='bbox 1078 3034 1117 3088; x_wconf 82' lang='lat' dir='ltr'><strong>Et</strong></span> <span class='ocrx_word' id='word_1_247' title='bbox 1134 3053 1201 3088; x_wconf 91' lang='lat' dir='ltr'><strong>cum</strong></span> <span class='ocrx_word' id='word_1_248' title='bbox 1215 3006 1317 3106; x_wconf 34' lang='lat' dir='ltr'><strong>effebi</strong></span> 
     </span>
     <span class='ocr_line' id='line_1_28' title="bbox 155 3112 1199 3185; baseline 0.001 -15"><span class='ocrx_word' id='word_1_249' title='bbox 155 3116 279 3171; x_wconf 87' lang='lat' dir='ltr'><strong>vidisset</strong></span> <span class='ocrx_word' id='word_1_250' title='bbox 295 3132 392 3168; x_wconf 90' lang='lat' dir='ltr'><strong>comes</strong></span> <span class='ocrx_word' id='word_1_251' title='bbox 410 3118 523 3184; x_wconf 89' lang='lat' dir='ltr'><strong>partem</strong></span> <span class='ocrx_word' id='word_1_252' title='bbox 543 3130 625 3165; x_wconf 89' lang='lat' dir='ltr'><strong>suam</strong></span> <span class='ocrx_word' id='word_1_253' title='bbox 644 3112 794 3178; x_wconf 90' lang='lat' dir='ltr'><strong>infirmari,</strong></span> <span class='ocrx_word' id='word_1_254' title='bbox 808 3117 945 3185; x_wconf 84' lang='lat' dir='ltr'><strong>poenituit</strong></span> <span class='ocrx_word' id='word_1_255' title='bbox 962 3134 1039 3180; x_wconf 88' lang='lat' dir='ltr'><strong>eum,</strong></span> <span class='ocrx_word' id='word_1_256' title='bbox 1054 3118 1105 3171; x_wconf 90' lang='lat' dir='ltr'><strong>sed</strong></span> <span class='ocrx_word' id='word_1_257' title='bbox 1124 3135 1199 3183; x_wconf 87' lang='lat' dir='ltr'><strong>sere,</strong></span> 
     </span>
    </p>

    <p class='ocr_par' dir='ltr' id='par_1_8' title="bbox 156 3196 1200 3272">
     <span class='ocr_line' id='line_1_29' title="bbox 156 3196 1200 3272; baseline 0.002 -18"><span class='ocrx_word' id='word_1_258' title='bbox 156 3217 256 3269; x_wconf 89' lang='lat' dir='ltr'><strong>regem</strong></span> <span class='ocrx_word' id='word_1_259' title='bbox 269 3197 394 3267; x_wconf 72' lang='lat' dir='ltr'><strong>anglia,</strong></span> <span class='ocrx_word' id='word_1_260' title='bbox 406 3197 469 3266; x_wconf 83' lang='lat' dir='ltr'><strong>jam</strong></span> <span class='ocrx_word' id='word_1_261' title='bbox 481 3197 512 3249; x_wconf 90' lang='lat' dir='ltr'><strong>in</strong></span> <span class='ocrx_word' id='word_1_262' title='bbox 529 3201 610 3249; x_wconf 88' lang='lat' dir='ltr'><strong>arcto</strong></span> <span class='ocrx_word' id='word_1_263' title='bbox 628 3196 829 3261; x_wconf 89' lang='lat' dir='ltr'><strong>constitutum,</strong></span> <span class='ocrx_word' id='word_1_264' title='bbox 843 3199 873 3253; x_wconf 92' lang='lat' dir='ltr'><strong>in</strong></span> <span class='ocrx_word' id='word_1_265' title='bbox 892 3218 959 3254; x_wconf 89' lang='lat' dir='ltr'><strong>suas</strong></span> <span class='ocrx_word' id='word_1_266' title='bbox 977 3207 1076 3272; x_wconf 91' lang='lat' dir='ltr'><strong>partes</strong></span> <span class='ocrx_word' id='word_1_267' title='bbox 1094 3206 1200 3256; x_wconf 80' lang='lat' dir='ltr'><strong>attrax-</strong></span> 
     </span>
    </p>

    <p class='ocr_par' dir='ltr' id='par_1_9' title="bbox 155 3278 1200 3436">
     <span class='ocr_line' id='line_1_30' title="bbox 155 3278 1200 3356; baseline 0.002 -18"><span class='ocrx_word' id='word_1_268' title='bbox 155 3286 223 3339; x_wconf 89' lang='lat' dir='ltr'><strong>isse.</strong></span> <span class='ocrx_word' id='word_1_269' title='bbox 260 3282 407 3336; x_wconf 85' lang='lat' dir='ltr'><strong>Reversus</strong></span> <span class='ocrx_word' id='word_1_270' title='bbox 434 3285 479 3333; x_wconf 88' lang='lat' dir='ltr'><strong>est</strong></span> <span class='ocrx_word' id='word_1_271' title='bbox 504 3279 605 3349; x_wconf 85' lang='lat' dir='ltr'><strong>igitur,</strong></span> <span class='ocrx_word' id='word_1_272' title='bbox 633 3278 703 3333; x_wconf 87' lang='lat' dir='ltr'><strong>licet</strong></span> <span class='ocrx_word' id='word_1_273' title='bbox 728 3280 849 3347; x_wconf 88' lang='lat' dir='ltr'><strong>invitus,</strong></span> <span class='ocrx_word' id='word_1_274' title='bbox 878 3283 915 3337; x_wconf 89' lang='lat' dir='ltr'><strong>ad</strong></span> <span class='ocrx_word' id='word_1_275' title='bbox 941 3283 1102 3340; x_wconf 89' lang='lat' dir='ltr'><strong>dominium</strong></span> <span class='ocrx_word' id='word_1_276' title='bbox 1119 3287 1200 3356; x_wconf 87' lang='lat' dir='ltr'><strong>regis</strong></span> 
     </span>
     <span class='ocr_line' id='line_1_31' title="bbox 155 3362 1197 3436; baseline 0.004 -15"><span class='ocrx_word' id='word_1_277' title='bbox 155 3369 344 3429; x_wconf 85' lang='lat' dir='ltr'><strong>Francorum,</strong></span> <span class='ocrx_word' id='word_1_278' title='bbox 360 3365 491 3436; x_wconf 83' lang='lat' dir='ltr'><strong>quicum</strong></span> <span class='ocrx_word' id='word_1_279' title='bbox 509 3363 620 3434; x_wconf 87' lang='lat' dir='ltr'><strong>recepit</strong></span> <span class='ocrx_word' id='word_1_280' title='bbox 632 3362 719 3417; x_wconf 87' lang='lat' dir='ltr'><strong>corde</strong></span> <span class='ocrx_word' id='word_1_281' title='bbox 731 3371 866 3435; x_wconf 87' lang='lat' dir='ltr'><strong>suspecto</strong></span> <span class='ocrx_word' id='word_1_282' title='bbox 885 3372 914 3420; x_wconf 90' lang='lat' dir='ltr'><strong>et</strong></span> <span class='ocrx_word' id='word_1_283' title='bbox 931 3369 1026 3423; x_wconf 89' lang='lat' dir='ltr'><strong>auimo</strong></span> <span class='ocrx_word' id='word_1_284' title='bbox 1045 3370 1197 3424; x_wconf 86' lang='lat' dir='ltr'><strong>titubante.</strong></span> 
     </span>
    </p>

    <p class='ocr_par' dir='ltr' id='par_1_10' title="bbox 154 3439 1200 3520">
     <span class='ocr_line' id='line_1_32' title="bbox 154 3439 1200 3520; baseline 0.003 -14"><span class='ocrx_word' id='word_1_285' title='bbox 154 3452 296 3506; x_wconf 88' lang='lat' dir='ltr'><strong>Videntes</strong></span> <span class='ocrx_word' id='word_1_286' title='bbox 322 3451 415 3520; x_wconf 87' lang='lat' dir='ltr'><strong>igitur</strong></span> <span class='ocrx_word' id='word_1_287' title='bbox 443 3448 630 3502; x_wconf 87' lang='lat' dir='ltr'><strong>Pictavenses</strong></span> <span class='ocrx_word' id='word_1_288' title='bbox 658 3447 737 3517; x_wconf 91' lang='lat' dir='ltr'><strong>quod</strong></span> <span class='ocrx_word' id='word_1_289' title='bbox 763 3439 941 3504; x_wconf 82' lang='lat' dir='ltr'><strong>fortissimus</strong></span> <span class='ocrx_word' id='word_1_290' title='bbox 971 3470 1071 3506; x_wconf 86' lang='lat' dir='ltr'><strong>eorum</strong></span> <span class='ocrx_word' id='word_1_291' title='bbox 1096 3471 1200 3508; x_wconf 86' lang='lat' dir='ltr'><strong>versus</strong></span> 
     </span>
    </p>

    <p class='ocr_par' dir='ltr' id='par_1_11' title="bbox 153 3533 1366 4110">
     <span class='ocr_line' id='line_1_33' title="bbox 153 3533 1333 3603; baseline 0.002 -13"><span class='ocrx_word' id='word_1_292' title='bbox 153 3545 208 3599; x_wconf 88' lang='lat' dir='ltr'><strong>cst,</strong></span> <span class='ocrx_word' id='word_1_293' title='bbox 241 3536 375 3590; x_wconf 87' lang='lat' dir='ltr'><strong>stillatim</strong></span> <span class='ocrx_word' id='word_1_294' title='bbox 403 3533 439 3587; x_wconf 91' lang='lat' dir='ltr'><strong>ad</strong></span> <span class='ocrx_word' id='word_1_295' title='bbox 467 3550 569 3603; x_wconf 88' lang='lat' dir='ltr'><strong>regem</strong></span> <span class='ocrx_word' id='word_1_296' title='bbox 594 3533 774 3588; x_wconf 87' lang='lat' dir='ltr'><strong>Francorum</strong></span> <span class='ocrx_word' id='word_1_297' title='bbox 802 3540 871 3588; x_wconf 90' lang='lat' dir='ltr'><strong>sunt</strong></span> <span class='ocrx_word' id='word_1_298' title='bbox 894 3535 1015 3589; x_wconf 82' lang='lat' dir='ltr'><strong>reversi.</strong></span> <span class='ocrx_word' id='word_1_299' title='bbox 1065 3536 1198 3603; x_wconf 88' lang='lat' dir='ltr'><strong>Interim,</strong></span> <span class='ocrx_word' id='word_1_300' title='bbox 1214 3549 1333 3603; x_wconf 63' lang='lat' dir='ltr'><strong>sicknegg</strong></span> 
     </span>
     <span class='ocr_line' id='line_1_34' title="bbox 153 3616 1366 3690; baseline 0.01 -17"><span class='ocrx_word' id='word_1_301' title='bbox 153 3621 215 3674; x_wconf 91' lang='lat' dir='ltr'><strong>Deo</strong></span> <span class='ocrx_word' id='word_1_302' title='bbox 235 3622 277 3674; x_wconf 86' lang='lat' dir='ltr'><strong>sic</strong></span> <span class='ocrx_word' id='word_1_303' title='bbox 295 3620 420 3682; x_wconf 80' lang='lat' dir='ltr'><strong>volente,</strong></span> <span class='ocrx_word' id='word_1_304' title='bbox 448 3616 631 3672; x_wconf 81' lang='lat' dir='ltr'><strong>infirmatus⁷</strong></span> <span class='ocrx_word' id='word_1_305' title='bbox 657 3624 702 3673; x_wconf 91' lang='lat' dir='ltr'><strong>est</strong></span> <span class='ocrx_word' id='word_1_306' title='bbox 727 3619 859 3690; x_wconf 85' lang='lat' dir='ltr'><strong>graviter</strong></span> <span class='ocrx_word' id='word_1_307' title='bbox 884 3639 935 3676; x_wconf 85' lang='lat' dir='ltr'><strong>rex</strong></span> <span class='ocrx_word' id='word_1_308' title='bbox 961 3621 1149 3686; x_wconf 82' lang='lat' dir='ltr'><strong>Francorum,</strong></span> <span class='ocrx_word' id='word_1_309' title='bbox 1169 3617 1366 3685; x_wconf 67' lang='lat' dir='ltr'><strong>et0flh⁰kl¹¹8</strong></span> 
     </span>
     <span class='ocr_line' id='line_1_35' title="bbox 153 3685 1353 3777; baseline 0.003 -20"><span class='ocrx_word' id='word_1_310' title='bbox 153 3706 245 3773; x_wconf 87' lang='lat' dir='ltr'><strong>pestis</strong></span> <span class='ocrx_word' id='word_1_311' title='bbox 265 3711 295 3758; x_wconf 90' lang='lat' dir='ltr'><strong>et</strong></span> <span class='ocrx_word' id='word_1_312' title='bbox 313 3705 404 3757; x_wconf 81' lang='lat' dir='ltr'><strong>fames</strong></span> <span class='ocrx_word' id='word_1_313' title='bbox 432 3702 540 3757; x_wconf 87' lang='lat' dir='ltr'><strong>invasit</strong></span> <span class='ocrx_word' id='word_1_314' title='bbox 565 3703 725 3758; x_wconf 84' lang='lat' dir='ltr'><strong>exercitum</strong></span> <span class='ocrx_word' id='word_1_315' title='bbox 753 3703 827 3775; x_wconf 90' lang='lat' dir='ltr'><strong>ejus,</strong></span> <span class='ocrx_word' id='word_1_316' title='bbox 856 3705 897 3759; x_wconf 91' lang='lat' dir='ltr'><strong>ita</strong></span> <span class='ocrx_word' id='word_1_317' title='bbox 925 3705 1001 3777; x_wconf 87' lang='lat' dir='ltr'><strong>quod</strong></span> <span class='ocrx_word' id='word_1_318' title='bbox 1020 3706 1051 3760; x_wconf 93' lang='lat' dir='ltr'><strong>in</strong></span> <span class='ocrx_word' id='word_1_319' title='bbox 1069 3706 1199 3762; x_wconf 90' lang='lat' dir='ltr'><strong>abissum</strong></span> <span class='ocrx_word' id='word_1_320' title='bbox 1212 3685 1353 3737; x_wconf 49' lang='lat' dir='ltr'><strong>dmm·</strong></span> 
     </span>
     <span class='ocr_line' id='line_1_36' title="bbox 154 3786 1327 3862; baseline 0.009 -23"><span class='ocrx_word' id='word_1_321' title='bbox 154 3788 367 3857; x_wconf 88' lang='lat' dir='ltr'><strong>desperationis</strong></span> <span class='ocrx_word' id='word_1_322' title='bbox 391 3788 474 3857; x_wconf 86' lang='lat' dir='ltr'><strong>quasi</strong></span> <span class='ocrx_word' id='word_1_323' title='bbox 506 3787 616 3841; x_wconf 88' lang='lat' dir='ltr'><strong>ultione</strong></span> <span class='ocrx_word' id='word_1_324' title='bbox 647 3786 746 3843; x_wconf 82' lang='lat' dir='ltr'><strong>divina</strong></span> <span class='ocrx_word' id='word_1_325' title='bbox 775 3789 1041 3859; x_wconf 71' lang='lat' dir='ltr'><strong>praecipitabantur.</strong></span> <span class='ocrx_word' id='word_1_326' title='bbox 1084 3792 1200 3862; x_wconf 86' lang='lat' dir='ltr'><strong>Regina</strong></span> <span class='ocrx_word' id='word_1_327' title='bbox 1212 3798 1284 3848; x_wconf 83' lang='lat' dir='ltr'><strong>Birlh</strong></span> <span class='ocrx_word' id='word_1_328' title='bbox 1296 3802 1327 3849; x_wconf 83' lang='lat' dir='ltr'><strong>of</strong></span> 
     </span>
     <span class='ocr_line' id='line_1_37' title="bbox 155 3865 1321 3947; baseline 0.003 -22"><span class='ocrx_word' id='word_1_329' title='bbox 155 3872 273 3925; x_wconf 87' lang='lat' dir='ltr'><strong>interim</strong></span> <span class='ocrx_word' id='word_1_330' title='bbox 293 3871 369 3942; x_wconf 89' lang='lat' dir='ltr'><strong>apud</strong></span> <span class='ocrx_word' id='word_1_331' title='bbox 388 3870 579 3940; x_wconf 76' lang='lat' dir='ltr'><strong>Burdogaliru</strong></span> <span class='ocrx_word' id='word_1_332' title='bbox 598 3871 688 3924; x_wconf 84' lang='lat' dir='ltr'><strong>filiam</strong></span> <span class='ocrx_word' id='word_1_333' title='bbox 700 3872 824 3941; x_wconf 88' lang='lat' dir='ltr'><strong>peperit,</strong></span> <span class='ocrx_word' id='word_1_334' title='bbox 839 3879 870 3926; x_wconf 90' lang='lat' dir='ltr'><strong>et</strong></span> <span class='ocrx_word' id='word_1_335' title='bbox 881 3875 997 3928; x_wconf 80' lang='lat' dir='ltr'><strong>vocavit</strong></span> <span class='ocrx_word' id='word_1_336' title='bbox 1008 3892 1072 3928; x_wconf 91' lang='lat' dir='ltr'><strong>eam</strong></span> <span class='ocrx_word' id='word_1_337' title='bbox 1084 3878 1199 3931; x_wconf 88' lang='lat' dir='ltr'><strong>nominc</strong></span> <span class='ocrx_word' id='word_1_338' title='bbox 1212 3865 1321 3947; x_wconf 62' lang='grc' dir='ltr'><strong>1)ήῦοῗδῦ</strong></span> 
     </span>
     <span class='ocr_line' id='line_1_38' title="bbox 154 3933 1333 4028; baseline 0.006 -19"><span class='ocrx_word' id='word_1_339' title='bbox 154 3955 256 4009; x_wconf 87' lang='lat' dir='ltr'><strong>matris</strong></span> <span class='ocrx_word' id='word_1_340' title='bbox 274 3956 384 4024; x_wconf 81' lang='lat' dir='ltr'><strong>regium</strong></span> <span class='ocrx_word' id='word_1_341' title='bbox 403 3955 577 4008; x_wconf 86' lang='lat' dir='ltr'><strong>Beatricem.</strong></span> <span class='ocrx_word' id='word_1_342' title='bbox 616 3954 678 4006; x_wconf 83' lang='lat' dir='ltr'><strong>Rex</strong></span> <span class='ocrx_word' id='word_1_343' title='bbox 698 3954 884 4020; x_wconf 80' lang='lat' dir='ltr'><strong>Francorum,</strong></span> <span class='ocrx_word' id='word_1_344' title='bbox 911 3958 979 4028; x_wconf 86' lang='lat' dir='ltr'><strong>quia</strong></span> <span class='ocrx_word' id='word_1_345' title='bbox 1005 3960 1047 4013; x_wconf 87' lang='lat' dir='ltr'><strong>sic</strong></span> <span class='ocrx_word' id='word_1_346' title='bbox 1072 3961 1199 4016; x_wconf 82' lang='lat' dir='ltr'><strong>feliciter</strong></span> <span class='ocrx_word' id='word_1_347' title='bbox 1212 3933 1333 3985; x_wconf 47' lang='lat' dir='ltr'>Beatum</span> 
     </span>
     <span class='ocr_line' id='line_1_39' title="bbox 153 4038 1199 4110; baseline 0.008 -17"><span class='ocrx_word' id='word_1_348' title='bbox 153 4039 291 4110; x_wconf 85' lang='lat' dir='ltr'><strong>oportuit,</strong></span> <span class='ocrx_word' id='word_1_349' title='bbox 311 4046 430 4108; x_wconf 83' lang='lat' dir='ltr'><strong>treugas</strong></span> <span class='ocrx_word' id='word_1_350' title='bbox 455 4038 533 4107; x_wconf 82' lang='lat' dir='ltr'><strong>cepit</strong></span> <span class='ocrx_word' id='word_1_351' title='bbox 559 4054 625 4089; x_wconf 90' lang='lat' dir='ltr'><strong>cum</strong></span> <span class='ocrx_word' id='word_1_352' title='bbox 652 4055 723 4107; x_wconf 86' lang='lat' dir='ltr'><strong>rege</strong></span> <span class='ocrx_word' id='word_1_353' title='bbox 750 4039 924 4109; x_wconf 86' lang='lat' dir='ltr'><strong>Anglorum,</strong></span> <span class='ocrx_word' id='word_1_354' title='bbox 945 4048 974 4097; x_wconf 91' lang='lat' dir='ltr'><strong>et</strong></span> <span class='ocrx_word' id='word_1_355' title='bbox 992 4044 1023 4097; x_wconf 90' lang='lat' dir='ltr'><strong>in</strong></span> <span class='ocrx_word' id='word_1_356' title='bbox 1041 4044 1145 4100; x_wconf 88' lang='lat' dir='ltr'><strong>lectica</strong></span> <span class='ocrx_word' id='word_1_357' title='bbox 1168 4048 1199 4101; x_wconf 91' lang='lat' dir='ltr'><strong>in</strong></span> 
     </span>
    </p>
   </div>
   <div class='ocr_carea' id='block_1_5' title="bbox 154 4122 1198 4198">
    <p class='ocr_par' dir='ltr' id='par_1_12' title="bbox 154 4122 1198 4198">
     <span class='ocr_line' id='line_1_40' title="bbox 154 4122 1198 4198; baseline 0.008 -22"><span class='ocrx_word' id='word_1_358' title='bbox 154 4123 306 4177; x_wconf 84' lang='lat' dir='ltr'><strong>Franciam</strong></span> <span class='ocrx_word' id='word_1_359' title='bbox 326 4123 458 4175; x_wconf 83' lang='lat' dir='ltr'><strong>infirmus</strong></span> <span class='ocrx_word' id='word_1_360' title='bbox 477 4122 645 4190; x_wconf 84' lang='lat' dir='ltr'><strong>deportatus</strong></span> <span class='ocrx_word' id='word_1_361' title='bbox 664 4128 718 4175; x_wconf 89' lang='lat' dir='ltr'><strong>est.</strong></span> <span class='ocrx_word' id='word_1_362' title='bbox 756 4124 820 4179; x_wconf 86' lang='lat' dir='ltr'><strong>Nec</strong></span> <span class='ocrx_word' id='word_1_363' title='bbox 838 4142 966 4195; x_wconf 85' lang='lat' dir='ltr'><strong>unquam</strong></span> <span class='ocrx_word' id='word_1_364' title='bbox 991 4135 1093 4198; x_wconf 89' lang='lat' dir='ltr'><strong>postea</strong></span> <span class='ocrx_word' id='word_1_365' title='bbox 1113 4131 1198 4198; x_wconf 86' lang='lat' dir='ltr'><strong>pleno</strong></span> 
     </span>
    </p>
   </div>
   <div class='ocr_carea' id='block_1_6' title="bbox 153 4348 1185 4731">
    <p class='ocr_par' dir='ltr' id='par_1_13' title="bbox 153 4348 1185 4498">
     <span class='ocr_line' id='line_1_41' title="bbox 187 4348 1185 4419; baseline 0.008 -23"><span class='ocrx_word' id='word_1_366' title='bbox 187 4348 194 4378; x_wconf 85' lang='lat'>¹</span> <span class='ocrx_word' id='word_1_367' title='bbox 212 4349 401 4411; x_wconf 61' lang='lat' dir='ltr'><strong>caynonisseal]</strong></span> <span class='ocrx_word' id='word_1_368' title='bbox 445 4348 651 4409; x_wconf 79' lang='lat' dir='ltr'><strong>congnovisseut,</strong></span> <span class='ocrx_word' id='word_1_369' title='bbox 730 4351 740 4381; x_wconf 79' lang='lat'><strong>⁴</strong></span> <span class='ocrx_word' id='word_1_370' title='bbox 757 4351 803 4416; x_wconf 85' lang='lat' dir='ltr'><strong>od]</strong></span> <span class='ocrx_word' id='word_1_371' title='bbox 824 4353 943 4417; x_wconf 84' lang='lat' dir='ltr'><strong>Supplied</strong></span> <span class='ocrx_word' id='word_1_372' title='bbox 954 4354 1018 4403; x_wconf 81' lang='lat' dir='ltr'><strong>from</strong></span> <span class='ocrx_word' id='word_1_373' title='bbox 1031 4355 1098 4404; x_wconf 73' lang='lat' dir='ltr'><strong>Hae</strong></span> <span class='ocrx_word' id='word_1_374' title='bbox 1111 4355 1185 4419; x_wconf 74' lang='lat' dir='ltr'><strong>Anpl.</strong></span> 
     </span>
     <span class='ocr_line' id='line_1_42' title="bbox 153 4428 1133 4498; baseline 0.003 -22"><span class='ocrx_word' id='word_1_375' title='bbox 153 4428 209 4477; x_wconf 79' lang='lat' dir='ltr'><strong>MS.</strong></span> <span class='ocrx_word' id='word_1_376' title='bbox 731 4432 741 4462; x_wconf 74' lang='lat'><strong>⁵</strong></span> <span class='ocrx_word' id='word_1_377' title='bbox 758 4435 916 4498; x_wconf 73' lang='lat' dir='ltr'><strong>eanpreyalo]</strong></span> <span class='ocrx_word' id='word_1_378' title='bbox 936 4443 1065 4496; x_wconf 67' lang='lat' dir='ltr'><strong>congrum,</strong></span> <span class='ocrx_word' id='word_1_379' title='bbox 1077 4434 1133 4481; x_wconf 77' lang='lat' dir='ltr'><strong>MS.</strong></span> 
     </span>
    </p>

    <p class='ocr_par' dir='ltr' id='par_1_14' title="bbox 155 4507 1153 4652">
     <span class='ocr_line' id='line_1_43' title="bbox 188 4507 1035 4574; baseline 0.007 -21"><span class='ocrx_word' id='word_1_380' title='bbox 188 4510 197 4538; x_wconf 90' lang='grc'><strong>“·“</strong></span> <span class='ocrx_word' id='word_1_381' title='bbox 216 4507 436 4570; x_wconf 68' lang='lat' dir='ltr'><strong>transfretantem]</strong></span> <span class='ocrx_word' id='word_1_382' title='bbox 469 4507 653 4561; x_wconf 71' lang='lat' dir='ltr'><strong>transiectione,</strong></span> <span class='ocrx_word' id='word_1_383' title='bbox 731 4509 850 4574; x_wconf 67' lang='lat' dir='ltr'><strong>⁶ibreii]</strong></span> <span class='ocrx_word' id='word_1_384' title='bbox 870 4512 1035 4567; x_wconf 82' lang='lat' dir='ltr'><strong>‹lirruit,MS.</strong></span> 
     </span>
     <span class='ocr_line' id='line_1_44' title="bbox 155 4588 1153 4652; baseline 0.001 -17"><span class='ocrx_word' id='word_1_385' title='bbox 155 4588 210 4636; x_wconf 78' lang='lat' dir='ltr'><strong>MS.</strong></span> <span class='ocrx_word' id='word_1_386' title='bbox 732 4588 742 4624; x_wconf 79' lang='grc'><strong><em>7</em></strong></span> <span class='ocrx_word' id='word_1_387' title='bbox 760 4589 910 4652; x_wconf 64' lang='lat' dir='ltr'><strong>insinuatus]</strong></span> <span class='ocrx_word' id='word_1_388' title='bbox 930 4590 1086 4645; x_wconf 82' lang='lat' dir='ltr'><strong>imiirmatus,</strong></span> <span class='ocrx_word' id='word_1_389' title='bbox 1098 4590 1153 4639; x_wconf 82' lang='lat' dir='ltr'><strong>MS.</strong></span> 
     </span>
    </p>

    <p class='ocr_par' dir='ltr' id='par_1_15' title="bbox 188 4665 444 4731">
     <span class='ocr_line' id='line_1_45' title="bbox 188 4665 444 4731; baseline 0.004 -18"><span class='ocrx_word' id='word_1_390' title='bbox 188 4666 198 4696; x_wconf 84' lang='lat'><strong>³</strong></span> <span class='ocrx_word' id='word_1_391' title='bbox 214 4668 303 4731; x_wconf 79' lang='lat' dir='ltr'><strong>prout]</strong></span> <span class='ocrx_word' id='word_1_392' title='bbox 324 4682 377 4728; x_wconf 79' lang='lat' dir='ltr'><strong>pro,</strong></span> <span class='ocrx_word' id='word_1_393' title='bbox 390 4665 444 4719; x_wconf 84' lang='lat' dir='ltr'><strong>MS,</strong></span> 
     </span>
    </p>
   </div>
   <div class='ocr_carea' id='block_1_7' title="bbox 0 0 1534 5468">
    <p class='ocr_par' dir='ltr' id='par_1_16' title="bbox 0 0 1534 5468">
     <span class='ocr_line' id='line_1_46' title="bbox 0 0 1534 5468; baseline 0 4"><span class='ocrx_word' id='word_1_394' title='bbox 0 0 1534 5468; x_wconf 95' lang='lat' dir='ltr'><strong> </strong></span> 
     </span>
    </p>
   </div>
  </div>
 </body>
</html>
