3060 5468
63 1998 73 2011 ·
203 1924 275 2009 plus
311 1924 498 1989 abundavit
533 1926 603 2012 ipso
641 1924 813 1991 Comadns
848 1926 968 2006 aureis,
1002 1946 1104 2012 quam
1143 1944 1254 1991 comes

344 670 391 718 ns
410 671 572 721 meone
592 673 695 723 snors
717 674 876 737 numer,
898 674 966 725 rur.
987 675 1113 725 ωιτη
1186 665 1252 732 127

201 842 351 910 redditus
381 846 613 914 ecclesiasticos
643 849 689 912 ab
720 849 902 915 abbatibus
932 850 1077 915 maxime
1110 855 1145 914 et
1176 847 1334 913 reli-AD·
1348 857 1421 905 12⁵2.

202 947 301 1034 giosis
321 948 404 1025 aliis,
426 949 476 1014 ita
509 955 548 1015 ut
580 950 638 1037 qui
671 973 782 1018 macer
804 958 951 1030 venerat,
973 974 1079 1041 parvo
1102 957 1252 1040 tempore
1264 919 1422 1037 &ltn-

202 1049 409 1117 abundavit¹
431 1053 614 1140 saginatus.
1265 1053 1410 1173 ἕπῃ

1266 1185 1426 1255 messa.

373 1278 581 1346 Mandatum
607 1279 761 1350 coarcat
782 1278 899 1348 comiti
920 1279 1084 1350 Ricordo.

248 1412 388 1480 Interim
411 1415 589 1494 Comedus,
613 1415 713 1502 hujus
733 1415 783 1483 rei
805 1438 875 1485 non
896 1416 1044 1503 ignarus,
1065 1411 1254 1483 literatorie
1267 1422 1417 1491 πωμ-

203 1517 314 1582 amm
338 1517 479 1583 arara
509 1518 721 1605 mussavit,
744 1541 787 1584 ne
818 1521 1031 1605 permitteret
1061 1540 1097 1583 se
1127 1490 1422 1610 emsa-w

204 1617 265 1682 bus
300 1619 468 1705 promissis
500 1642 595 1706 papae
627 1620 681 1685 vel
712 1620 881 1707 papmium
914 1618 1159 1696 circumveniri,
1194 1618 1318 1705 quiea

204 1718 277 1805 plus
313 1721 461 1806 pecunias
496 1743 566 1787 succ
603 1743 704 1808 quam
740 1722 859 1788 honori
893 1722 1081 1799 inhiabant,
1119 1741 1181 1786 neo
1218 1690 1420 1808 scffl'gn,

202 1822 361 1906 periculis,
400 1822 663 1909 sterlingorum’
699 1824 841 1889 confisus
883 1822 1102 1890 multitudini
1164 1821 1365 1955 Ωὼξμὼ

201 2026 374 2112 argenteis,
397 2027 543 2105 materia,
566 2048 704 2094 numero
726 2032 762 2094 ct
783 2027 929 2114 pondere
950 2025 1253 2115 praesentioribus,

203 2133 238 2193 et
259 2127 364 2193 colore
386 2128 586 2196 rubicundis
631 2128 863 2217 Dicebantquc
896 2129 1010 2197 comiti
1044 2126 1142 2195 amici
1174 2127 1254 2214 ejus,

204 2229 291 2316 quod
313 2253 370 2296 aer
391 2236 427 2297 et
448 2231 571 2296 cibaria
604 2232 701 2297 nobis
732 2231 1001 2299 Occidentalibus
1023 2237 1105 2299 sunt
1126 2228 1256 2297 insoliti

204 2336 238 2396 et
260 2333 369 2398 nociti
380 2359 389 2413 ;
411 2333 527 2399 incolas
549 2339 661 2400 autem
682 2333 836 2420 suspecti,
851 2334 977 2421 poculis
999 2338 1133 2400 utentes
1155 2353 1256 2399 vene-

204 2435 299 2512 natis,
332 2436 451 2521 quibus
482 2435 586 2500 Siculi
616 2440 652 2501 et
684 2436 787 2522 Apuli
821 2440 901 2501 sunt
935 2432 1097 2503 infamea³
1152 2433 1254 2501 Unde

204 2559 257 2602 cor
278 2538 408 2602 comitis
430 2537 564 2624 penitus
594 2537 727 2602 abillis
750 2543 800 2603 est
822 2559 985 2605 aversum
1031 2536 1119 2604 Cum
1141 2543 1255 2603 autem
1269 2559 1399 2626 Tlepope

204 2640 360 2725 praedicta
374 2663 468 2727 papas
483 2640 730 2719 nunciarentur,
744 2661 924 2727 corrugaus
944 2661 1043 2705 nares
1064 2640 1124 2722 ait,
1140 2639 1255 2705 “Nolo
1268 2627 1402 2744 ποθῶ

206 2741 313 2828 ipsum
346 2743 500 2808 comitem
533 2741 726 2807 thesaurum
757 2763 869 2807 meum
898 2742 1094 2829 exponendo
1126 2740 1256 2828 juvare,
1268 2775 1369 2825 money.

206 2866 265 2910 nec
287 2844 323 2908 in
345 2845 456 2930 aliquo
489 2844 531 2909 de
553 2842 760 2930 praemissis''
806 2843 851 2909 Et
885 2845 933 2909 sic
966 2843 1125 2909 remansit
1148 2864 1254 2909 comcs

207 2946 400 3033 indempnis
444 2947 602 3012 libemus
635 2969 724 3027 vero,
756 2945 871 3012 multis
905 2945 1034 3011 ditatus
1067 2944 1255 3012 redditibus
1269 2962 1424 3023 Alteram

207 3054 242 3113 ct
279 3048 408 3114 refertis
447 3048 672 3115 numismate⁴
709 3047 850 3126 clitellis,
881 3048 1022 3114 recessit.
1084 3047 1256 3136 Cogitavit
1268 3030 1400 3160 Q&

207 3157 318 3217 autem
340 3157 463 3217 extunc
485 3174 573 3239 papa
595 3151 721 3217 domini
741 3151 828 3237 regis
850 3150 1098 3235 simplicitatem
1120 3149 1412 3221 circum-mmmm

207 3255 327 3332 venire,
352 3277 426 3320 cum
458 3277 525 3319 non
556 3260 689 3341 poterat
711 3253 866 3318 comitem
891 3252 1162 3337 circumspectum
1184 3250 1257 3317 illa·
1268 3227 1417 3360 ῥᾴω]

208 3377 334 3441 queare.
380 3357 422 3420 In
445 3357 572 3421 octavis
594 3362 707 3422 autem
728 3354 836 3420 sancti
866 3352 1005 3418 Martini
1036 3353 1198 3440 applicuit
1219 3354 1256 3420 in
1293 3373 1402 3426 salios.

208 3459 331 3543 anglia
361 3459 620 3545 archiepiscopus
650 3457 898 3524 Cantuariensis
932 3454 1168 3541 B[oncsacius],
1198 3457 1256 3523 ad.
1268 3439 1415 3569 affulta

208 3566 327 3625 ventus
357 3561 449 3646 cujus
480 3561 638 3647 quosdam
669 3558 864 3636 laetificavit,
887 3557 1046 3643 quosdam
1076 3579 1154 3623 vero
1184 3574 1419 3644 per-archanum

209 3662 366 3728 turbavit.
421 3662 552 3748 Quippe
568 3662 646 3747 quia
668 3662 696 3726 si
720 3665 909 3725 sanctorum
931 3658 999 3723 sit⁵
1023 3680 1161 3744 sequens
1182 3681 1255 3725 ves·
1269 3639 1410 3771 ζὶξῇῑξ·

208 3763 292 3849 tigia
329 3764 601 3850 praedecessorum
648 3784 792 3839 suorum,
830 3759 886 3826 et⁶
923 3760 1117 3826 credebatur
1154 3760 1256 3829 malos
1269 3771 1393 3838 &abac

209 3866 376 3952 corripere,
400 3867 503 3932 bonos
525 3887 603 3931 vero
625 3868 823 3930 veneranter
845 3860 1034 3929 confovem⁷

244 4083 424 4150 ¹abundocit]
455 4084 619 4145 habundavit,
645 4083 712 4147 MS,
755 4083 838 4134 These
865 4082 930 4134 linea
953 4096 995 4134 are
1017 4083 1117 4135 written
1140 4099 1202 4136 over
1224 4101 1257 4136 an

209 4165 260 4213 and
270 4179 297 4214 so
309 4165 397 4214 below.
754 4178 854 4214 masura
870 4164 905 4227 by
915 4161 959 4213 the
974 4168 1166 4230 contemporary
1185 4164 1256 4216 hand

242 4242 252 4272 ²
269 4243 449 4308 sterlinporum]
469 4244 636 4308 sterligorum
648 4242 705 4294 MS.
754 4242 839 4292 which
850 4244 909 4293 here
920 4243 974 4291 first
984 4257 1097 4308 appears,
1109 4245 1159 4293 and
1170 4243 1255 4295 which

242 4320 252 4352 ³
270 4322 386 4387 infames]
406 4323 529 4384 imfames‚
542 4322 598 4373 MS.
754 4323 800 4372 has
819 4322 956 4374 continued
973 4321 1016 4372 the
1036 4321 1143 4387 History
1164 4328 1190 4372 at
1211 4322 1254 4372 fol.

242 4402 422 4466 *scalensem
441 4402 696 4462 nmnmismate,MS.
757 4401 834 4452 1541».
869 4401 924 4452 'l'he
940 4416 1047 4466 passage
1073 4415 1101 4452 as
1118 4400 1254 4466 originally

242 4481 311 4545 ⁵a'l]
332 4480 478 4532 interlined.
755 4482 862 4543 written,
877 4496 938 4547 may
954 4482 986 4532 bc
1008 4480 1169 4544 conjectured
1191 4480 1256 4530 hom

242 4560 306 4625 θοι]
326 4561 666 4625 Seemstobesnperfluous.
754 4561 798 4612 the
809 4569 863 4611 text
874 4561 905 4611 of
911 4560 942 4610 B.
954 4562 1005 4610 and
1016 4559 1055 4609 ed.
1069 4559 1149 4618 wate,
1161 4573 1185 4621 p.
1197 4562 1255 4610 867.

243 4640 374 4703 7quosdam
385 4639 518 4703 laetificavit
530 4678 537 4692 .
549 4677 556 4693 .
568 4641 710 4706 confovere]
