3060 5474
333 761 380 810 DE
402 763 562 813 TEMPORE
585 764 685 814 REGIS
707 763 861 825 HENRICI,
887 765 952 813 VIZ.
976 763 1099 814 TERTII.
1194 751 1237 820 37

188 934 378 1019 pluviarum
408 959 500 1024 spem
532 938 742 1026 agriculturae
765 944 800 1003 et
823 938 1038 1004 exercitiun1¹
1063 940 1320 1026 suspende-Al).
1335 954 1406 1000 1248.

187 1044 279 1104 runt.
336 1040 506 1127 Civesqua
530 1043 588 1128 qui
617 1042 708 1130 apud
731 1041 1092 1108 monasteriuminviti
1115 1044 1240 1108 inanis
1294 1102 1296 1106 ,

190 1141 344 1206 tentoriis
377 1143 622 1212 Londonienaes
655 1146 952 1224 commorabantur,
974 1145 1139 1212 molestias
1168 1169 1240 1233 per·-

192 1243 364 1312 tulerunt.8
1099 1263 1104 1274 '

192 1531 334 1619 Iteretr'o
367 1533 584 1623 parlamenti
617 1536 660 1603 iu
693 1536 872 1624 quiatteao
894 1533 1100 1604 Natiuitatis
1131 1533 1242 1603 eoacti

528 1639 705 1707 Jotaeatr
728 1640 902 1728 Baptista.

238 1803 448 1870 Adveniente
470 1809 582 1871 autem
615 1807 783 1893 quindena
805 1805 1008 1872 Nativitatis
1042 1804 1147 1871 sancti
1181 1803 1205 1868 J
1208 1826 1242 1869 o·
1283 1821 1382 1889 eJuly.

193 1904 311 1972 hannis
326 1908 496 1995 Baptistae,
512 1911 667 1976 convenit
688 1910 869 1976 Londoniis
891 1909 997 1975 totius
1012 1908 1144 1996 Angliee
1167 1929 1242 1972 oum
1254 1887 1410 2007 {2233}sp

194 2009 308 2074 multis
330 2010 568 2077 incommodis³
597 2013 763 2091 nobilitas,
787 2011 914 2078 domini
946 2013 1032 2099 regis
1065 2016 1397 2098 expectansauemhlee.

195 2112 449 2199 promissionem.
495 2115 712 2204 Congregatis
734 2115 839 2204 igitur
860 2113 1032 2193 universis,
1055 2114 1122 2180 tale
1144 2137 1165 2178 a
1186 2113 1244 2178 do·

195 2215 285 2280 mino
308 2239 384 2304 rege
407 2217 527 2282 dicitur
548 2219 716 2306 responsio
742 2219 957 2306 profluxisse:
989 2215 1179 2283 “Voluistis
1202 2216 1400 2281 adanae

194 2318 370 2384 arbitrium
408 2325 555 2387 vestrum
592 2343 709 2410 parum
747 2321 845 2388 civile
883 2320 1053 2387 dominum
1095 2324 1244 2385 vestrum
1256 2294 1412 2427 fflffleiss

194 2442 305 2508 regem
342 2423 525 2501 incurvare,
563 2425 734 2510 eidemque
771 2425 852 2491 satis
889 2422 1043 2490 servilem
1079 2421 1246 2509 imponere
1259 2429 1374 2506 remma,

195 2523 426 2605 conditionem,
457 2528 545 2603 dum,
576 2528 664 2614 quod
696 2528 774 2593 lieet
807 2527 983 2614 unicuique
1017 2531 1175 2603 vestrum,
1197 2524 1246 2589 illi
1258 2494 1379 2626 toppo&

196 2626 419 2715 denegaretur.
466 2630 567 2696 Porro
590 2631 668 2697 licet
691 2631 828 2697 cuilibet
851 2630 944 2716 cujus
967 2635 1002 2695 et
1023 2627 1174 2715 quolibet
1195 2626 1398 2694 utipointment

196 2731 337 2796 consilio
385 2732 548 2812 Ceterum,
571 2733 649 2799 licet
671 2734 808 2800 cuilibet
822 2732 1055 2820 patrifamilias
1070 2751 1247 2817 quemcun-
1260 2695 1401 2813 ‹Sipphar-

196 2855 259 2918 que
275 2834 316 2899 de
331 2834 429 2901 domo
443 2858 503 2902 sua
517 2836 567 2901 illi
581 2837 636 2902 vel
649 2830 700 2902 illi
716 2836 819 2902 officio
834 2857 1031 2924 praeponere,
1042 2839 1247 2922 postponere,
1260 2830 1312 2881 ΒΜ
1322 2830 1413 2881 others.

196 2936 250 3000 vel
266 2935 436 3024 deponere,
452 2940 541 3025 quod
563 2940 680 3026 utique
702 2939 836 3005 domino
858 2944 968 3004 vestro
991 2943 1026 3003 et
1040 2937 1109 3024 regi
1125 2942 1248 3001 temere

198 3041 452 3127 praesumpsistis
475 3042 642 3129 denegare.
695 3041 903 3129 Quapropter
925 3063 985 3107 nec
1009 3038 1247 3116 cancellarium,

197 3164 255 3207 nee
273 3141 505 3228 justiciarium,
520 3168 580 3211 nec
592 3145 843 3222 thesaurarium,
860 3144 924 3209 nisi
939 3143 982 3208 ad
1004 3141 1248 3229 beneplacitum

198 3267 302 3324 suum,
336 3248 461 3313 creabit
494 3248 549 3314 vel
587 3249 794 3316 constituet.'’
842 3247 1004 3313 Similiter
1040 3267 1169 3333 quoque
1206 3245 1249 3310 ud

197 3349 280 3413 alios
303 3351 482 3429 articulos‚⁴
506 3374 603 3438 super
635 3352 757 3440 quibus
789 3351 978 3439 increpatus
1009 3349 1127 3430 fuerat,
1151 3370 1250 3435 nega·

198 3449 290 3517 tive³
312 3476 502 3541 responsum
524 3456 640 3522 fuerat.
687 3456 835 3522 Tandem
868 3456 1034 3520 instantor·
1067 3451 1249 3540 postulavit
1260 3461 1402 3542 ramsey

198 3556 359 3623 auxilium
382 3558 553 3645 peouniare
577 3559 620 3624 ad
638 3558 717 3646 jura
736 3559 829 3648 regni
843 3558 1049 3645 requirenda,
1064 3557 1122 3622 sed
1138 3577 1249 3622 omnes
1260 3531 1385 3649 ffloe'

234 3877 241 3912 ¹
259 3878 412 3947 eucratium]
432 3878 610 3944 excercicium,
622 3879 679 3932 MS.
747 3896 802 3946 quer
812 3880 866 3931 sine
882 3895 912 3946 sp
925 3915 1009 3932 .....
1022 3877 1094 3931 tionis
1106 3883 1250 3947 ertaqpree·

747 3961 816 4012 mu„

234 4039 395 4092 illusionum
413 4079 519 4093 .....
536 4041 701 4109 pertulerunt]
781 4039 980 4108 ³inconmudr'a]
1016 4039 1166 4105 incomodis,
1193 4041 1249 4094 MS.

203 4121 354 4172 Writtenou
366 4139 382 4173 a
392 4123 462 4187 piece
474 4124 504 4172 os
510 4124 606 4173 vellum
617 4124 705 4186 pasted
749 4121 814 4172 This
828 4123 898 4172 word
916 4124 965 4173 eud
984 4122 1028 4172 the
1046 4131 1096 4173 two
1116 4122 1251 4189 preceding

202 4216 261 4250 over
283 4201 325 4251 the
347 4202 457 4267 original
477 4208 541 4263 text,
557 4202 641 4251 which
658 4201 705 4252 has
750 4216 792 4251 are
803 4200 904 4250 written
921 4217 954 4249 on
968 4209 1017 4251 two
1037 4203 1110 4251 small
1126 4204 1208 4266 picoes
1224 4202 1256 4251 of

204 4281 268 4330 been
279 4282 367 4332 almost
378 4282 474 4347 wholly
485 4283 596 4340 deleted,
609 4297 637 4330 so
651 4281 706 4332 that
749 4280 844 4331 vellum
855 4282 942 4345 pasted
954 4295 1014 4331 over
1026 4297 1059 4330 sn
1071 4297 1178 4332 erasure.

204 4360 286 4425 onlya
297 4363 346 4411 few
355 4361 705 4426 vordscanbedeciphered,
784 4360 794 4391 ⁴
812 4358 943 4425 aranas]
963 4360 1076 4411 Written
1093 4370 1120 4411 at
1138 4363 1192 4411 first
1211 4378 1253 4410 ur·

205 4445 220 4468 ⁸*
237 4440 400 4491 considerauit
505 4441 570 4505 qaod
597 4477 706 4491 .....
751 4438 825 4500 culos,
836 4442 881 4490 but
892 4442 1021 4490 corrected
1031 4441 1167 4505 byaleter
1177 4441 1253 4491 hand.

206 4518 299 4571 multam
317 4520 478 4585 imperialium
486 4521 525 4585 (t)
612 4527 635 4570 et
651 4519 708 4570 Deo
786 4519 949 4584 ὃτιεεςιαίὶυε]
981 4519 1126 4584 Originally
1153 4520 1254 4570 written

209 4599 250 4648 ir.
268 4635 275 4649 .
293 4638 300 4651 .
324 4601 442 4667 pepa(t)
460 4638 467 4652 .
486 4639 492 4651 .
510 4599 606 4651 auxilia
624 4638 630 4650 .
650 4637 656 4651 .
674 4637 681 4650 .
700 4636 706 4650 .
753 4597 949 4659 cavillatoriam
961 4599 989 4648 in
997 4598 1256 4660 B.C.,butcorrected

121 4677 127 4685 '
206 4675 334 4745 &amatia
358 4716 365 4732 .
383 4718 390 4733 .
411 4678 505 4746 duplic
527 4679 608 4731 reddet
626 4717 632 4732 .
651 4718 658 4732 .
676 4717 683 4731 .
701 4717 707 4731 .
754 4695 788 4731 on
800 4696 816 4730 a
827 4679 877 4744 slip
888 4677 1017 4730 ofrellum
1028 4680 1115 4742 paeted
1126 4695 1193 4730 over.
