3060 5468
324 669 389 731 252
411 682 576 731 ulmum
599 684 813 733 PAmSIENSIS
834 684 1065 733 anonumum
1087 687 1358 742 canoniconuu
1419 640 1423 663 Ι

156 857 224 912 Al).
239 865 310 913 122⁵.
324 856 480 926 ignobiles,
494 857 530 912 de
541 857 732 912 mendicitate
744 857 782 912 ad
792 857 936 912 honomm
948 858 1069 928 fastigia
1082 858 1274 916 sullevavit.”
1307 863 1377 937 Ipse

325 941 421 1010 igitur
438 940 591 997 Faloasius
608 941 749 1012 Angliam
768 942 899 996 salutans
918 960 936 996 a
954 948 1049 1012 tergo,
1070 943 1195 999 Romam
1213 947 1373 1018 petiturus,

326 1025 407 1080 illico
429 1066 436 1080 .
458 1067 465 1080 .
488 1067 494 1080 .
514 1067 523 1080 .
543 1026 571 1081 ei
589 1027 620 1080 in
637 1026 828 1081 tribulatione
853 1026 1001 1081 solatium.
1040 1027 1212 1100 Eodemque
1231 1049 1318 1096 anno,
1337 1033 1373 1088 ad

324 1127 454 1164 mensem
465 1151 659 1164 ..........
671 1117 752 1164 carta
762 1116 932 1165 contentum
944 1111 1041 1165 suerat
1053 1111 1269 1170 intermissum.
1300 1116 1372 1172 Hac

322 1200 421 1249 autem
439 1193 629 1248 infirmando¹
649 1195 783 1265 peccarit
799 1194 947 1248 Robertns
959 1194 1135 1259 Passelewe,
1149 1203 1180 1251 ct
1197 1199 1251 1254 alii
1269 1199 1371 1256 desua

323 1279 452 1349 sequela,
472 1279 700 1343 mortalissime;
727 1278 779 1332 sed
797 1278 851 1332 hoo
869 1278 901 1332 in
920 1280 1110 1348 sequentibus
1124 1300 1179 1335 suo
1196 1282 1263 1338 loco
1276 1284 1371 1340 decla·

322 1362 446 1418 rabitur.
485 1363 572 1417 Circa
590 1362 708 1417 eosdem
727 1361 790 1416 dies
804 1403 947 1416 .......
963 1363 1097 1418 custodia
1109 1364 1275 1436 deputavit.
1314 1369 1459 1424 Perltiat

155 1446 401 1527 Theearlotidam
424 1453 542 1518 tempus
567 1489 574 1500 .
597 1487 604 1500 .
632 1489 638 1500 .
664 1446 870 1501 transmarinis
896 1448 1141 1512 commorabatur,
1170 1451 1201 1503 in
1228 1443 1428 1522 angliarum·

155 1515 288 1581 Sffllb'ffy
320 1533 471 1587 remeavit.
503 1530 561 1586 Sed
579 1531 669 1585 maris
688 1531 828 1584 immania
845 1549 1003 1602 perpessus
1021 1533 1164 1602 pericula,
1177 1552 1232 1604 per
1251 1553 1368 1591 cereum

153 1596 297 1714 mhi?
320 1634 408 1686 quam
434 1616 465 1670 in
491 1617 566 1670 mari
584 1615 670 1678 vidit,
696 1615 747 1684 qui
772 1613 908 1669 tenebras
934 1615 1123 1680 illuminavit,
1143 1618 1288 1675 liberatus
1316 1628 1368 1677 est

153 1715 245 1766 mk,
320 1700 601 1773 Deprehensumqne
620 1710 665 1753 est
683 1699 768 1752 illum
787 1716 852 1752 esse
870 1700 1015 1753 veraciter
1032 1717 1161 1765 cereum,
1182 1720 1272 1772 quem
1291 1704 1369 1759 idem

319 1786 431 1840 invenit
448 1792 515 1840 ante
534 1785 626 1838 altare
644 1783 737 1837 beatae
748 1781 852 1837 Mariae
867 1782 982 1852 jugiter
999 1801 1097 1839 comes
1116 1785 1277 1842 ardentem.
1311 1787 1369 1844 Sed

318 1870 374 1924 hoc
392 1867 482 1923 alibi²
499 1867 641 1941 prolixius
661 1867 810 1921 memoriae
828 1872 986 1937 perpetuae,
1007 1869 1113 1923 comite
1132 1868 1272 1933 dictante,
1293 1889 1454 1962 com-M..

319 1951 495 2008 mandatur.³
537 1952 683 2022 Magister
708 1950 804 2004 Otto.
827 1992 833 2003 .
856 1992 862 2003 .
882 1967 936 2020 pro
960 1953 1094 2005 ecclesiia
1120 1953 1260 2008 Romanae
1278 1973 1367 2026 nego·
1379 1982 1428 2028 ,ἢ
1441 1927 1460 1961 η

319 2037 369 2092 tiis
384 2078 559 2092 .......
574 2034 793 2107 responderent.
825 2034 937 2088 Eodem
957 2042 1089 2106 temporo
1108 2036 1205 2092 dictus
1223 2041 1368 2110 magister
1393 2043 1460 2096 atet

319 2120 416 2192 O[tto]
437 2139 472 2175 ex
497 2127 581 2193 parte
601 2160 781 2174 .......
802 2119 934 2173 caritate.
972 2118 1021 2173 Ad
1047 2121 1126 2190 quod
1152 2140 1206 2176 rex
1235 2142 1305 2179 cum
1323 2142 1367 2179 re·

319 2206 494 2276 spondisset,
513 2212 598 2259 torvo
625 2203 786 2273 respiciens
811 2202 906 2264 oculo,
926 2203 1073 2272 negative,
1094 2210 1123 2258 at
1148 2205 1202 2260 hoo
1231 2209 1365 2278 praecise,

318 2290 411 2344 tacuit
423 2287 530 2359 O[tto],
545 2295 576 2343 et
593 2287 631 2342 ad
648 2287 740 2342 alias⁴
760 2305 791 2340 sc
809 2287 962 2341 transtulit
980 2289 1248 2344 sermocinationes.
1280 2292 1367 2364 Cepit

319 2372 398 2427 idem
423 2369 539 2443 Ο[ῑῒο]8
564 2372 600 2426 ab
628 2413 634 2425 .
665 2413 672 2424 .
704 2412 710 2424 .
739 2388 863 2433 marcas,
883 2371 1000 2425 nomine
1025 2372 1250 2441 procurationis.
1290 2371 1463 2430 Oumltidii

318 2456 512 2510 communiter
530 2456 655 2509 relatum
668 2455 782 2515 luisset,
797 2454 877 2524 quod
889 2471 987 2508 comes
1001 2454 1227 2511 saresbiriensis
1246 2458 1277 2512 in
1290 2460 1365 2514 mari
1377 2444 1427 2490 ²⁷⁶·

317 2540 542 2610 dimergerctur,
564 2539 663 2609 eregit
680 2538 834 2592 Hubertus
852 2557 870 2591 a
887 2556 968 2608 rege,
988 2546 1023 2592 ut
1040 2557 1159 2594 uxorem
1179 2582 1186 2594 .
1206 2582 1214 2595 .
1237 2584 1243 2596 .
1263 2545 1365 2614 nepoti
1375 2545 1463 2597 Ibidil.

318 2643 381 2688 suo,
399 2624 463 2678 viro
482 2623 608 2695 superbo
625 2621 766 2676 videlicet
792 2630 822 2676 et
849 2622 1002 2692 proditori.
1041 2623 1100 2678 Sed
1125 2642 1193 2679 cum
1211 2618 1427 2683 comitissa²⁷⁷·

316 2708 398 2763 nullo
416 2708 502 2762 modo
520 2707 558 2761 ad
576 2724 749 2762 consensum
774 2707 920 2777 potuisset
937 2706 1084 2771 inclinari,
1103 2709 1248 2778 applicuit
1265 2728 1365 2767 comes

315 2811 404 2847 sanus
422 2800 453 2848 ct
471 2791 636 2847 incolumis.
674 2790 766 2845 Facta
784 2798 830 2845 est
843 2791 936 2859 igitur
949 2809 983 2844 ex
996 2798 1066 2846 tunc
1078 2795 1270 2863 praesumptio
1285 2837 1292 2848 .
1307 2835 1317 2849 .
1330 2837 1361 2850 ..

316 2877 443 2939 lecisset,
464 2877 554 2947 coepit
571 2875 699 2930 Huberti
718 2876 796 2929 fama
814 2874 925 2929 diutius
952 2875 1111 2946 denigrari,
1131 2883 1219 2947 prout
1237 2895 1362 2949 sequeus

316 2979 412 3017 sermo
430 2960 599 3015 declarabit.

351 3091 545 3139 u⁰.cc⁰.xxv1⁰.
584 3083 648 3136 Rex
673 3081 823 3136 chricus
842 3081 901 3134 ΙΙΙ.
923 3082 980 3135 luit
998 3081 1034 3134 nd
1057 3080 1164 3135 Natalo
1182 3083 1261 3152 apud
1279 3083 1362 3139 Win-

315 3171 433 3233 toniam,
454 3186 528 3223 anuo
546 3168 631 3237 regni
651 3167 696 3220 sui
716 3165 878 3227 undecimo,
893 3165 1086 3235 presentibus
1101 3205 1107 3216 .
1123 3207 1128 3218 .
1145 3207 1151 3218 .
1168 3206 1174 3219 .
1190 3165 1253 3221 dics
1272 3167 1361 3223 decu·
1373 3171 1406 3221 Η.
1418 3170 1463 3221 ai

314 3254 379 3307 buit
397 3253 577 3323 desperatus.
609 3250 724 3305 Venit.
747 3291 753 3303 .
776 3290 782 3302 .
803 3250 882 3303 clero
901 3255 931 3301 et
948 3248 1134 3317 magnatibus
1155 3291 1161 3301 .
1184 3292 1191 3302 .
1214 3291 1220 3303 .
1242 3269 1361 3323 respon·
1374 3243 1428 3291 ²⁷⁸·

314 3338 405 3393 deret.
443 3337 563 3407 Apertis
582 3336 675 3406 igitur
701 3334 806 3396 literis,
834 3333 976 3402 magister
995 3330 1090 3402 ojtto]
1111 3342 1245 3388 contenta
1262 3335 1361 3405 palam

314 3422 460 3477 recitavit.
510 3421 546 3474 In
576 3419 683 3490 quibus
711 3417 854 3488 allegavit
874 3457 881 3470 .
903 3457 910 3469 .
934 3458 940 3469 .
960 3416 1216 3481 vetustissimum,⁶
1247 3420 1362 3476 scilicet

313 3507 453 3570 avaritia),
483 3511 513 3559 et
538 3522 592 3558 nec
622 3510 718 3574 potest
743 3502 850 3572 aliquis
869 3502 1019 3571 negotium
1045 3542 1051 3554 .
1081 3543 1088 3555 .
1118 3543 1124 3555 .
1152 3515 1181 3556 et
1204 3520 1361 3559 munerum

314 3590 489 3647 exhibitione
510 3630 516 3642 .
539 3629 545 3641 .
568 3630 573 3641 .
595 3586 701 3640 debent
719 3585 810 3656 patris
835 3585 962 3655 inopiam
991 3625 1221 3638 .......
1255 3587 1360 3643 abbate

312 3673 491 3729 tantundem.
537 3671 611 3725 Haec
638 3671 735 3724 omnia
761 3669 912 3723 audientes
936 3669 1061 3739 praelati.
1081 3687 1253 3739 responsum
1272 3690 1360 3727 suurn

313 3764 472 3829 posuerunt
490 3757 519 3810 in
538 3773 588 3809 ore
608 3796 614 3809 .
637 3797 643 3808 .
666 3796 672 3808 .
693 3753 899 3816 archidiaconi,
914 3753 964 3823 qui
983 3754 1025 3806 sic
1043 3753 1094 3816 ait,
1117 3753 1268 3808 “Domino
1289 3798 1297 3809 .
1320 3799 1326 3811 .
1350 3751 1462 3811 ‚luat

312 3860 413 3911 regem
432 3840 599 3912 specialiter
626 3844 758 3910 tangunt,
787 3838 837 3908 qui
865 3856 925 3908 prae
950 3837 1119 3891 infirmitate
1146 3855 1202 3891 uon
1221 3846 1267 3893 cst
1284 3824 1426 3912 prm-²7⁹·

313 3943 389 3979 sens.
426 3926 562 3995 Tangunt
580 3922 668 3977 ctiam
687 3921 866 3993 generaliter
884 3939 983 3975 omncs
1004 3963 1010 3975 .
1033 3963 1039 3974 .
1061 3962 1068 3974 .
1088 3921 1235 3992 prolatos.
1281 3925 1359 3981 Cum

312 4009 405 4078 igitur
429 4026 480 4061 rex
507 4014 536 4062 et
562 4006 649 4061 multi
675 4005 804 4076 episcopi
830 4014 859 4059 et
884 4005 998 4076 praelati
1026 4005 1084 4059 sint
1104 4006 1251 4070 absentes
1271 4010 1358 4065 vobis

311 4110 387 4145 nunc
406 4091 580 4160 respondere
601 4131 607 4143 .
631 4131 637 4143 .
660 4130 666 4140 .
688 4089 756 4159 quia
783 4089 837 4142 hoc
866 4090 896 4142 iu
923 4089 1127 4161 perjudicium
1145 4090 1228 4144 fieret
1254 4095 1358 4162 praela·

346 4299 353 4330 ¹
371 4294 528 4360 infirmando]
547 4294 715 4347 infirmando,
727 4292 784 4342 MS.
887 4297 896 4325 ⁴
914 4294 992 4358 lilius]
1013 4294 1084 4354 ulios,
1098 4295 1154 4345 MS.

344 4378 354 4410 ²
373 4379 420 4428 Sec
436 4375 479 4424 the
496 4374 601 4424 Greater
613 4371 754 4428 Chronicle,
771 4373 808 4421 ed.
886 4373 896 4403 ³
916 4374 988 4438 Otto]
1008 4374 1084 4423 Alter
1094 4374 1144 4424 this
1157 4378 1233 4429 word.
1249 4382 1319 4442 cepit
1335 4381 1358 4432 is

311 4459 392 4515 was,
411 4473 435 4520 p.
454 4459 512 4512 325,
531 4454 580 4501 and
600 4449 668 4500 Hirr.
680 4448 763 4513 Anci,
782 4451 808 4499 ii.
854 4455 969 4516 repeated
981 4454 1014 4517 by
1026 4468 1103 4502 error.

312 4543 369 4596 27⁴,
382 4543 405 4586 5.
887 4533 897 4563 ⁶
910 4532 1103 4596 veracissimum]
1116 4535 1290 4600 retussimnm
1298 4539 1356 4592 MS,

344 4619 355 4648 ³
372 4612 559 4677 commendatur]
574 4610 741 4668 contendatur,
750 4608 807 4658 MS.
