3060 5468
327 677 368 739 26
452 688 615 740 nmirum
637 687 850 741 rusrsmusrs
872 691 1037 741 ursinam
1058 691 1257 744 auononuu.

156 873 225 925 un.
241 876 313 926 ιω.
328 862 489 929 Maritata
511 867 562 929 est
582 862 717 949 insuper
738 862 900 941 Jobanna
931 864 1000 931 filia
1022 864 1153 932 Warini
1182 867 1224 933 de
1256 868 1373 939 Munt·

156 953 274 1071 imur
324 965 500 1046 cheiusillo,
531 964 695 1032 Willelmo
728 965 768 1032 de
799 965 964 1047 Valentia,
997 967 1094 1035 fratri
1125 969 1253 1039 domini
1284 973 1374 1062 regia

155 1087 300 1166 Joaunauu
326 1068 465 1148 uterino,
489 1068 542 1134 cui
564 1069 631 1136 cito
653 1074 769 1156 postea
805 1069 948 1136 contulit
976 1071 1129 1139 dominus
1160 1072 1245 1139 rex1
1268 1073 1374 1143 Hert-

155 1155 299 1272 }{uffiff
323 1169 471 1251 fordiam,
494 1193 569 1236 cum
591 1178 698 1236 castro
721 1176 755 1235 et
777 1170 906 1236 honore.
953 1171 1063 1237 Fratri
1079 1196 1157 1239 vero
1180 1198 1239 1242 suo
1254 1177 1374 1246 Athel-

154 1289 215 1338 liam
226 1289 257 1337 de
323 1294 423 1353 muro,
446 1272 569 1349 clerico,
592 1277 645 1338 tot
666 1273 857 1359 procuravit
871 1272 1024 1338 dominus
1046 1297 1105 1340 rex
1120 1279 1259 1343 conferri
1274 1280 1373 1346 bene·

155 1355 276 1485 Kampe.
323 1375 398 1440 ficia
420 1375 634 1441 ecclesiastica
667 1380 701 1440 et
734 1375 774 1440 de
807 1377 1019 1462 praelatorum
1042 1378 1201 1460 cumeris,2
1222 1381 1372 1453 fraterno

155 1451 273 1553 2032&
322 1477 451 1554 affectu,
474 1484 514 1542 ut
536 1479 579 1542 ad
602 1477 807 1564 episcopales,
822 1479 922 1543 immo
938 1480 1049 1564 potius
1071 1481 1371 1570 archiepiscopales

155 1569 306 1686 {lifinffie
324 1580 460 1645 divitias
482 1580 663 1645 ascendisse
687 1578 880 1645 uideretur.³
924 1580 1071 1647 Guidoni
1086 1606 1174 1662 vero,
1189 1585 1285 1651 fratri
1301 1611 1371 1668 suo,

157 1701 277 1756 brothers
324 1682 367 1747 ab
389 1682 513 1771 Angliu
536 1682 710 1762 recedenti,
735 1682 878 1749 contulit
900 1682 1055 1753 dominus
1076 1708 1137 1752 rex
1159 1687 1371 1757 denariorum

324 1791 556 1855 renovatorum
577 1786 750 1872 pecuniam
781 1807 1012 1866 numerosam
1044 1788 1210 1876 similique
1242 1792 1372 1859 ratione

324 1888 502 1956 Gaufridus
525 1888 566 1954 de
588 1888 738 1955 Loziuun
760 1888 873 1954 multis
896 1889 1018 1957 meruit
1039 1889 1167 1959 divitiis
1189 1894 1359 1980 saginari*

448 2176 556 2245 Mutet
577 2175 705 2246 notite
727 2175 767 2244 dc
789 2175 923 2262 Augilis
945 2175 1235 2265 aucuparetur.

153 2348 234 2428 Manp
367 2335 491 2402 Eodem
514 2355 643 2420 quoque
665 2354 753 2398 anno
776 2333 944 2420 episcopus
967 2333 1214 2419 wigorniensis,
1245 2336 1372 2404 Willel-

152 2415 308 2534 ffffifflffl
321 2460 394 2502 mus
417 2437 648 2524 Longa-spata,
672 2439 707 2502 et
730 2435 897 2501 Galfridus
913 2436 952 2501 de
968 2435 1057 2515 Luci,
1074 2458 1150 2502 cum
1165 2439 1281 2504 multis
1295 2441 1371 2507 aliis

154 2549 284 2601 memore.
320 2539 488 2658 nobilitum
510 2538 649 2655 Angliae,
681 2537 830 2624 exemplo
853 2536 940 2624 regis
972 2537 1174 2656 Fjraucorum
1209 2540 1371 2608 Christia-

319 2663 451 2709 mssrmr
472 2645 508 2706 et
537 2641 678 2707 ullorum
708 2640 910 2706 Francorum
940 2646 1090 2722 ammas,
1114 2663 1209 2709 cruce
1238 2645 1369 2733 oonsig.

320 2750 454 2838 uantur.

453 2989 675 3076 Trusosfertur
697 2988 811 3055 tectus
832 2986 1043 3053 Edmuudur
1064 2985 1236 3072 confessor.

179 3166 278 3233 ssuly.
366 3146 611 3237 Ejusdemque⁶
633 3147 714 3212 anni
736 3146 798 3212 sub
820 3144 995 3234 profluvi0,
1018 3144 1175 3211 videlicet
1199 3146 1268 3212 viia
1294 3148 1371 3215 idus

152 3269 273 3321 Μαι.
318 3251 412 3332 Julii,
435 3274 500 3339 quo
524 3250 577 3315 die
600 3251 801 3314 translatum
824 3253 875 3312 est
896 3246 1019 3312 nostris
1034 3246 1239 3335 temporibus
1253 3270 1371 3338 corpus

150 3336 204 3388 ‘1⁰¹¹
215 3338 294 3388 (ΜΕ
317 3355 407 3420 beati
430 3353 584 3429 Wlstuni,
622 3351 764 3438 episcopi
796 3356 830 3413 et
868 3335 1067 3426 confessoris,
1101 3371 1168 3414 non
1203 3352 1273 3416 sine
1305 3352 1370 3419 Dei

149 3403 304 3530 ubddrdudddt
317 3461 414 3535 nutu,
434 3455 631 3520 translatum
653 3458 704 3517 est
727 3458 761 3516 et
784 3473 900 3538 corpus
922 3451 1013 3517 beati
1029 3451 1206 3531 Edmundi,
1223 3452 1369 3522 Cantus-

149 3536 300 3653 {fffi‘r’p
319 3560 436 3625 riensis
458 3555 691 3643 archiepiscopi
714 3559 748 3620 et
771 3554 971 3631 confessoris,
1001 3554 1090 3640 apud
1125 3555 1369 3639 Pontiniacum,

150 3670 273 3747 burypat·
318 3663 353 3727 in
375 3659 553 3749 praesentia
574 3655 837 3723 christianissimi
858 3657 944 3745 regis
966 3656 1167 3723 Francorum
1198 3658 1370 3731 Ludowici

149 3735 282 3801 Ponugm.
319 3764 563 3849 multorumque
585 3760 797 3847 proelutorum
827 3758 1079 3825 autenticorum.
1125 3759 1370 3851 Sciendumque

319 3873 377 3945 eet,
399 3866 501 3929 immo
523 3863 588 3930 toti
611 3862 734 3927 mundo
752 3861 1006 3949 praedicandum,
1023 3860 1111 3947 quod
1127 3866 1236 3929 totum
1251 3885 1370 3953 corpus

319 3969 389 4054 ejus
403 3968 570 4054 integrum
594 3964 767 4029 inventum
783 3966 841 4041 est,
857 3963 1085 4051 incorruptum
1100 3968 1134 4029 et
1150 3965 1348 4033 odoriferum
1361 3994 1369 4049 3

319 4076 362 4150 et,
378 4070 466 4156 quod
481 4067 666 4135 mirabilius
680 4072 731 4132 est
744 4066 782 4130 in
798 4071 935 4143 mortuo
951 4087 1027 4132 cum
1042 4066 1194 4132 omnibus
1212 4069 1369 4136 membris
1419 4102 1427 4115 ·

352 4351 485 4400 1ιίοηιίιιιιε
496 4351 553 4415 rex]
574 4347 719 4398 Interiiued
899 4347 1058 4411 ⁴similr'que.
1079 4385 1086 4398 .
1105 4349 1247 4414 adpinum]
1274 4349 1368 4404 Added

349 4430 360 4463 ²
371 4439 395 4481 et
402 4428 591 4495 deproelotorunr
598 4428 713 4493 cumis]
724 4428 816 4477 Added
866 4428 894 4478 iu
904 4443 983 4493 mur-g.

316 4511 345 4561 in
356 4526 435 4575 marg.
899 4505 1104 4573 ‘rujudemqud
1123 4505 1361 4572 qucisiutorlined.

349 4590 359 4620 ³
377 4588 510 4654 uideretur]
529 4587 683 4648 riderentur,
694 4586 724 4636 E.
