3060 5474
315 674 358 742 74
439 687 606 739 nemum
628 685 843 742 narmiensis
864 690 1028 743 maroam
1047 689 1249 745 manorum

143 933 213 989 ΑΒ·
227 942 300 993 ¹²⁵⁰·
313 940 446 1009 Franci
468 903 566 1028 opud
592 940 795 1008 Domiutam
816 948 1067 1021 commorantes,
1090 941 1259 1034 mpetum
1275 945 1367 1034 saei

401 1051 468 1110 aret
502 1043 546 1110 ira
579 1043 689 1123 leuatae,
709 1043 826 1130 primo
858 1043 997 1133 quidm
1020 1045 1105 1125 berre,
1128 1047 1186 1114 aad
1216 1048 1367 1117 erastino

401 1147 537 1214 adverae
559 1146 710 1233 oontipit.

142 1314 299 1367 anementh
355 1296 454 1360 Anno
484 1317 615 1382 quoque
644 1295 707 1362 sub
736 1295 851 1361 eodem
874 1295 993 1363 Franci
1015 1297 1052 1362 in
1074 1298 1190 1364 castris
1222 1320 1365 1369 eommo-

141 1383 272 1500 fssfflssa
310 1404 423 1464 rantes
443 1398 546 1483 juxta
561 1398 762 1476 Damiatam,
777 1399 966 1463 convocatis
988 1399 1068 1485 ipsis
1091 1401 1149 1486 qui
1171 1401 1366 1469 incivitate

142 1516 283 1567 arackthe
311 1501 608 1578 commorabantur,
632 1501 794 1586 impetum
827 1500 975 1565 fecerunt
1004 1501 1042 1564 in
1067 1501 1188 1581 hostes,
1212 1503 1270 1588 qui
1293 1503 1366 1569 vias

142 1597 240 1648 enemy.
310 1608 345 1669 et
367 1602 533 1669 convalles
556 1600 753 1682 obsidentes,
777 1601 936 1669 victualia
957 1603 1123 1670 arcebant.
1170 1602 1367 1671 Invaluerat

309 1706 399 1770 enim
433 1706 535 1771 fames
566 1705 780 1770 vehementer
812 1706 848 1770 in
876 1704 1003 1771 Christi
1033 1707 1189 1773 exercitu.
1237 1707 1367 1788 Quibus

176 1819 264 1875 aFeb.
309 1809 417 1895 prima
451 1808 513 1889 die,
547 1807 673 1874 scilieet
709 1807 878 1885 (ineram,
901 1830 1054 1896 prospere
1088 1809 1215 1888 accidit,
1239 1810 1298 1875 sed
1328 1811 1366 1876 in

310 1911 464 1988 crastino,
497 1911 536 1977 in
566 1911 711 1998 idipsum
749 1909 932 1990 redeuntes,
968 1911 1165 1978 deteriorem
1202 1912 1366 1979 calculum

140 2025 288 2079 Feminam
310 2018 544 2101 reportarunt3
569 2013 659 2079 unde
682 2017 780 2079 tanta
807 2013 910 2079 fames
932 2012 969 2078 in
991 2016 1150 2096 exercitu,
1174 2014 1246 2081 Deo
1268 2016 1366 2094 irato,

140 2094 279 2227 ffiffl'y’
310 2116 465 2198 invaluit,
488 2122 528 2183 ut
552 2115 692 2182 confecti
715 2116 809 2193 fame,
833 2138 933 2202 equos
956 2138 1032 2183 suos
1055 2118 1091 2182 in
1107 2117 1366 2205 Quadragesima

140 2227 286 2292 apocatize.
309 2219 480 2285 comedere
502 2223 707 2306 cogerentur.
755 2218 855 2283 Unde
890 2219 989 2284 multi
1016 2225 1177 2285 exeuntes
1199 2225 1233 2285 et
1262 2220 1366 2287 hosti-

310 2322 374 2386 bus
400 2320 509 2386 additi
532 2325 777 2408 apostatarunt,
800 2325 834 2386 et
857 2322 931 2408 plns
954 2321 1028 2386 aliis
1050 2322 1146 2388 nobis
1167 2329 1363 2391 nocuerunt.

139 2427 298 2479 TheSoldan
316 2423 558 2489 Verumtamen
573 2423 735 2489 Soldanus
751 2422 942 2503 Babilonhe,
959 2425 1107 2490 omnium
1129 2447 1244 2513 regum
1259 2425 1364 2493 famo-

139 2494 478 2626 {fffim'sissimum
513 2547 625 2613 regem
656 2525 859 2592 Francorum
893 2526 1079 2604 formidans,
1111 2529 1254 2594 maxime
1284 2531 1364 2616 quia

139 2627 239 2680 tutae
310 2628 506 2694 Damiatam
523 2634 592 2694 tam
615 2628 681 2694 cito
698 2635 732 2694 et
747 2629 869 2695 leviter
891 2629 1095 2718 subjugarat,
1110 2653 1223 2718 paoem
1239 2633 1363 2719 optulit

138 2693 290 2826 mih?
309 2730 585 2811 honestissimam,
607 2737 647 2797 ut
669 2731 825 2798 videlicet
840 2733 941 2797 Terra
956 2733 1080 2799 Sancta
1101 2740 1136 2800 et
1159 2756 1363 2822 quaecunque

138 2828 274 2946 3ῑίξὶοᾃ
308 2834 488 2921 aliquando
527 2834 793 2901 Christianorum
831 2835 948 2914 fuerat,
988 2834 1189 2902 Christianis
1226 2839 1361 2904 restitu-

137 2924 287 3027 byloniand
308 2943 426 3004 eretur.
487 2938 533 3002 Et
565 2938 674 3003 multa
707 2938 773 3002 alia
804 2938 846 3003 ad
879 2937 1109 3003 commodum1
1142 2943 1177 3004 et
1202 2939 1361 3007 honorem

137 3028 295 3146 fffflffl
310 3039 576 3106 Christianorum
614 3040 739 3128 optulit
776 3040 958 3126 profutura,
1000 3040 1043 3105 ad
1088 3063 1162 3126 quae
1207 3042 1362 3129 superbia

136 3176 180 3226 up.
216 3111 294 3163 W
308 3144 510 3209 Francorum
543 3142 682 3208 minime
713 3142 825 3231 potuit
859 3140 1020 3225 inclinari,
1053 3142 1119 3207 nisi
1151 3143 1259 3208 dictus
1290 3144 1361 3210 Sol-

311 3245 416 3310 danus
457 3245 602 3326 cairam,
634 3244 841 3311 Babiloniam
875 3249 910 3309 et
941 3244 1182 3310 Alexandriam
1217 3244 1360 3312 Christi·

307 3349 379 3412 anis
400 3349 592 3434 resignaret.
639 3347 833 3433 Superque
864 3367 938 3410 cum
973 3346 1174 3433 postulasset
1197 3347 1360 3416 Soldanus

310 3455 441 3537 tempus
463 3450 592 3535 aliquot
615 3449 752 3527 dierum,
774 3455 823 3528 ut,
838 3450 1026 3514 convocatis
1048 3450 1116 3515 suis
1138 3451 1358 3537 magnatibus,

309 3574 407 3640 super
436 3552 498 3617 hoc
528 3551 735 3632 deliberaret,
759 3551 940 3617 ventilatus
963 3557 1014 3617 est
1036 3574 1150 3618 rumor
1171 3575 1279 3619 vanus
1300 3578 1360 3643 per

307 3654 438 3721 diversa
470 3654 736 3721 Christianorum
770 3654 913 3734 climata,
948 3655 1036 3741 quod
1068 3662 1258 3723 memoratae
1290 3663 1359 3725 tres

138 3757 280 3837 TheSera-
309 3758 463 3826 civitates
497 3758 715 3824 redderentur
751 3756 873 3822 ditioni
911 3757 1117 3825 Christianae.
1179 3759 1245 3826 Sed
1282 3784 1358 3827 cunr

136 3827 276 3944 ffffioess
307 3866 589 3950 congregarentur
624 3858 751 3925 nobiles
786 3858 1038 3926 sarracenorum
1076 3883 1186 3928 eoram
1223 3865 1358 3930 domino

310 3985 369 4030 suo
392 3963 547 4045 Saldano,
564 3967 598 4028 et
613 3961 786 4028 audissent
808 3963 984 4028 avaritiam
1000 3969 1035 4029 et
1049 3965 1236 4050 superbiam
1254 3966 1357 4032 Fran-

307 4087 428 4143 corum,
451 4065 640 4131 nullatenus
671 4064 920 4152 adquieverunt.
968 4065 1159 4146 Quinimmo
1190 4068 1356 4151 dixerunt,

305 4167 524 4236 “Christiani
556 4167 656 4232 nimis
687 4167 830 4254 improbi
862 4172 897 4232 et
930 4169 1064 4254 superbi
1099 4170 1239 4256 exigunt
1269 4173 1357 4258 quod

305 4273 468 4358 injustum
492 4275 550 4348 est,
566 4275 601 4335 et
623 4270 719 4335 nobis
741 4269 957 4335 intolerabile.
1004 4270 1056 4336 Ut
1087 4274 1168 4357 quid
1191 4273 1358 4361 impetunt

304 4398 374 4455 nos,
397 4374 463 4438 nisi
495 4372 623 4437 ratione
646 4372 754 4436 Terrae
779 4371 936 4436 Sanctae?
981 4372 1070 4453 Quid
1102 4374 1149 4438 eis
1183 4398 1257 4439 eum
1288 4376 1356 4441 Da-

306 4479 435 4543 miatal
468 4475 548 4563 quid
585 4497 658 4539 cum
693 4473 798 4551 Cairo,
835 4475 1009 4539 Babilonia
1047 4474 1100 4540 vel
1134 4476 1359 4544 Alexandria?

309 4614 454 4624 ---—-—-
466 4612 617 4620 --—---.
627 4612 631 4617 .
691 4611 767 4617 ---
782 4611 786 4615 -
799 4610 1089 4619 -----——.....-..--·.-
1097 4613 1142 4619 -.ψ
1181 4615 1185 4618 Δ
1224 4616 1247 4621 ..-
1262 4617 1310 4621 ....

629 4665 634 4695 ¹
656 4664 811 4731 evermodum]
832 4666 974 4726 comodum,
987 4665 1042 4717 MS.
