3060 5468
380 734 428 782 ns
448 733 608 784 rmtroan
631 733 732 783 asem
753 731 934 784 ronanam.
1117 718 1183 789 237

135 920 242 991 Ibique
266 919 440 977 decubans.
461 960 468 976 .
490 962 497 974 .
517 921 553 975 da
572 921 763 986 Orokestuna,
782 922 848 977 viro
875 925 974 976 sancto
999 926 1029 974 ot
1055 919 1181 983 literato,
1196 914 1349 964 A.D.1216.

137 1005 216 1059 etin
234 1010 296 1059 arte
320 1005 596 1082 medicinaeperito‚
617 1007 771 1063 consilium
796 1006 943 1078 accipiens
968 1005 1127 1076 corporale,
1147 1004 1183 1059 de

137 1088 245 1142 suturis
269 1088 415 1153 edocetur,
434 1089 512 1143 unde
539 1090 749 1148 confessionem
773 1096 803 1146 et
828 1089 1035 1145 eucharistiam
1061 1089 1184 1144 devotus

72 1222 73 1225 ,
137 1173 276 1244 suscepit.
313 1173 426 1228 Deinde
438 1173 602 1229 Henricum
622 1217 629 1230 .
651 1216 657 1229 .
679 1216 686 1230 .
706 1175 786 1231 fecit.
825 1175 940 1229 Literas
957 1172 1186 1245 quoquesigillo

138 1296 147 1312 .
169 1297 176 1312 .
198 1298 205 1311 .
227 1298 233 1311 .
253 1261 286 1312 ut
304 1257 331 1311 ei
349 1274 449 1312 omnes
470 1266 500 1312 et
520 1259 630 1329 singuli
648 1261 743 1314 forent
767 1259 893 1315 fideliter
918 1258 1110 1314 intendentes.
1147 1257 1186 1312 Et
1198 1261 1345 1312 Iasthoms

137 1339 214 1395 inter
333 1341 613 1397 circumsedentibus
643 1343 746 1398 amicis
776 1343 850 1413 ejus,
884 1342 1057 1397 “Dominus
1087 1327 1312 1396 noster⁰fJ⁰h¹a

140 1423 248 1478 Jhesus
268 1423 404 1480 Christus
422 1443 475 1497 pro
494 1426 577 1480 nobis
598 1427 769 1491 moriturus,
783 1444 837 1498 pro
856 1425 918 1482 suis
937 1425 1032 1481 oravit
1049 1442 1185 1497 perseeu-

140 1507 251 1562 toribus
270 1513 301 1562 et
324 1525 391 1562 cum
419 1509 668 1579 crucifigentibus,
688 1510 771 1564 nobis
796 1511 877 1580 pium
903 1509 1073 1579 relinquens
1092 1526 1186 1563 exem·

139 1590 231 1661 plum,
243 1589 280 1644 ad
288 1591 366 1661 quod
377 1592 409 1646 in
419 1591 555 1648 Oratione
563 1593 718 1648 Dominica
729 1594 904 1663 obligamur.
932 1593 1061 1648 Necesse
1072 1592 1186 1648 habetis

11 1686 32 1736 l.
44 1682 112 1737 4711.
143 1714 295 1729 ......
318 1716 324 1728 .
347 1675 414 1744 ipsi,
434 1681 572 1747 tanquam
590 1677 706 1731 domino
725 1695 798 1732 suo.
821 1719 827 1731 .
849 1718 856 1731 .
876 1682 907 1732 et
924 1676 1055 1746 ejusdem
1073 1677 1187 1746 regiam

142 1758 267 1829 experiri
291 1759 530 1825 misericordiam,
551 1767 671 1832 propter
694 1761 902 1816 revelationem
923 1760 984 1815 illis
1002 1776 1095 1831 nuper
1113 1759 1188 1813 Lon-

11 1857 38 1907 s,
49 1854 79 1906 ii,
142 1842 235 1896 doniis
254 1842 371 1907 factam,
385 1844 462 1898 sicut
479 1843 652 1915 pradictum
672 1885 679 1899 .
701 1885 708 1898 .
730 1885 737 1898 .
757 1844 871 1908 vitavit,
890 1849 979 1915 prout
996 1843 1069 1899 dicit
1086 1843 1186 1908 Poeta,

11 1931 30 1974 3.
238 1951 257 1975 ‘⁶
278 1948 362 2020 Saepe
381 1967 482 2003 canem
500 1949 589 2020 longe
606 1949 703 2004 visum
721 1949 800 2020 fugit
818 1967 903 2019 agna,
923 1950 1084 2020 lupumque

275 2032 385 2096 Credit,
405 2039 435 2087 et
453 2034 518 2103 ipsa
536 2050 619 2088 suam
636 2032 735 2088 nescia
751 2032 827 2088 vitat
844 2031 977 2104 opem.”¹

143 2137 182 2192 Et
205 2139 335 2194 subdidit
360 2139 503 2195 instanter
527 2140 647 2204 amicus,
677 2139 736 2210 qui
758 2139 839 2210 loqui
868 2139 1026 2212 inceperat,
1058 2145 1088 2195 et
1117 2138 1191 2194 dixit
1252 2131 1255 2136 ’

143 2230 256 2279 mentes
274 2230 304 2278 ct
327 2224 475 2295 proposita
492 2224 558 2294 regi
583 2223 699 2295 penitus
726 2224 867 2279 baronum
885 2222 1056 2294 ignoranti,²
1073 2229 1103 2279 et
1126 2242 1191 2294 per·

144 2308 259 2373 suasit,a
280 2314 314 2380 ut
338 2309 451 2364 sincero
478 2309 565 2364 corde
589 2308 724 2364 omnibns
743 2307 933 2364 offensoribus
961 2325 1063 2362 noxam
1089 2308 1192 2362 condo·

144 2392 380 2448 naret—sitiebat
397 2393 475 2447 enim
493 2394 617 2448 salntem
636 2394 741 2447 enimae
760 2399 887 2449 suae-et
904 2393 1040 2449 continuo
1058 2391 1132 2447 dixit
1153 2393 1190 2455 ei,

148 2479 166 2502 ‘⁶
180 2475 325 2530 Domine.
347 2518 353 2529 .
376 2518 382 2530 .
405 2518 410 2530 .
432 2477 570 2531 commoti
588 2482 805 2548 exasperentur.
835 2475 910 2546 Quia
928 2477 975 2532 si.
997 2517 1003 2530 .
1026 2475 1193 2546 ‚agendum

147 2565 191 2615 est
217 2578 284 2614 cnm
311 2561 438 2624 eisdem
470 2561 495 2616 si
520 2579 578 2617 non
598 2602 604 2615 .
627 2602 633 2616 .
656 2601 662 2615 .
683 2578 797 2626 corona,
824 2562 917 2616 omnis
945 2559 1121 2616 remittenda
1148 2566 1193 2614 est

145 2660 199 2715 pro
218 2643 335 2698 Christo
353 2644 582 2698 malivolentia.”
618 2643 755 2699 Atrax.
777 2685 784 2698 .
807 2685 813 2698 .
834 2645 986 2714 gemitum,
1007 2651 1037 2700 et
1053 2643 1193 2716 praedicta

147 2735 244 2782 tamen
268 2728 422 2792 trutinans,
452 2729 502 2790 ait,
537 2727 600 2783 “Si
627 2728 714 2783 aliter
741 2770 747 2782 .
770 2769 777 2782 .
799 2768 806 2782 .
834 2728 1032 2798 persuasistis.
1071 2727 1110 2781 Et
1139 2727 1192 2780 hoc

149 2853 155 2866 .
178 2854 184 2866 .
207 2854 212 2866 .
233 2817 267 2866 ut
285 2819 315 2866 et
340 2813 402 2882 ipse
422 2811 558 2865 similiter
581 2811 679 2873 faciat,
698 2816 785 2865 nect
808 2810 851 2864 sic
869 2811 967 2865 anima
983 2828 1049 2864 mea
1066 2827 1193 2881 praegra-

146 2902 240 2959 vetur,
262 2902 291 2949 ct
318 2895 353 2948 do
374 2901 498 2949 cetero.
520 2936 527 2948 .
550 2935 556 2947 .
576 2900 606 2948 et
625 2893 794 2964 sequatur.''
832 2893 901 2948 Hiis
925 2895 967 2948 ita
991 2894 1105 2963 gestis.
1128 2933 1134 2946 .
1157 2935 1163 2945 .
1185 2933 1191 2946 .

147 2980 258 3047 eligere
278 2978 467 3047 sepulturam.
506 2977 562 3032 Cui
586 2994 647 3040 rex,
667 2982 816 3047 resumpto
841 2977 956 3048 spiritu,
980 2979 1030 3042 ait,
1053 2981 1070 3003 “
1084 2976 1147 3030 Deo
1166 2982 1194 3030 ct

149 3104 156 3117 .
186 3105 192 3116 .
223 3106 229 3117 .
259 3060 460 3116 commendo.’'
518 3060 625 3114 Postea
654 3076 733 3123 vcro,
770 3066 854 3114 nocte
886 3078 951 3131 quas
988 3061 1065 3116 diem
1103 3060 1194 3114 sancti
1208 3068 1332 3120 Deathof

147 3148 236 3202 Lucae
256 3143 461 3213 evangelistae⁴
481 3143 622 3214 praecedit
640 3144 781 3213 proxima,
811 3161 847 3197 ex
871 3144 927 3198 hac
953 3144 1015 3199 vita
1042 3144 1193 3214 migravit.
1208 3137 1286 3188 John.

148 3226 257 3285 Facta⁵
276 3229 389 3298 igitur.
412 3269 418 3281 .
442 3268 448 3280 .
471 3269 476 3281 .
492 3227 570 3297 apud
589 3225 811 3289 Grokestunam,
832 3227 883 3280 ubi
902 3233 932 3281 et
949 3229 1013 3299 ipse
1031 3245 1082 3281 rex
1100 3226 1194 3280 reddi·
1236 3209 1265 3252 ¹⁸
1278 3204 1334 3253 oct·

149 3311 231 3369 tum⁶
257 3313 417 3382 legaverat,
446 3312 482 3366 ab
511 3311 612 3365 eodem
642 3311 745 3366 abbate
768 3317 836 3366 sunt
861 3311 958 3367 delata
983 3319 1013 3368 ct
1039 3311 1196 3367 honorifice

11 3408 83 3462 inii,
151 3397 276 3468 sepulta.
328 3396 441 3466 Corpus
477 3412 558 3459 vero,
590 3395 674 3466 regio
705 3401 832 3449 scemate
862 3394 1042 3460 redimitum,
1063 3395 1100 3450 ad
1129 3437 1136 3450 .
1159 3437 1165 3450 .
1188 3437 1194 3449 .

11 3485 37 3528 ¹⁴·
150 3482 336 3537 tumulatum.
365 3480 507 3549 Tempora
521 3495 637 3550 quoque
657 3494 733 3548 quo.
750 3519 756 3532 .
774 3520 779 3532 .
796 3479 932 3535 .circiter
944 3480 994 3534 xl¹.
1013 3481 1195 3544 festinanter,

151 3566 202 3636 qui
231 3607 237 3620 .
268 3606 274 3619 .
304 3605 310 3617 .
340 3570 394 3627 est,
429 3581 496 3618 cum
530 3563 626 3617 literis
657 3561 695 3616 ad
723 3579 826 3632 pacem
855 3604 861 3616 .
884 3603 890 3617 .
913 3605 919 3617 .
952 3563 1076 3618 valebat.
1123 3563 1196 3618 Cum

151 3657 248 3705 autem
267 3653 440 3719 regnasset.
463 3689 469 3701 .
492 3689 498 3702 .
521 3646 773 3716 ‚transmigravit
813 3644 997 3717 Sperandum
1015 3653 1060 3702 est
1074 3688 1196 3702 .....

148 3735 318 3797 sordesco,
339 3732 592 3803 utpraetsngitur,
620 3737 730 3785 terram
755 3731 867 3801 legavit
892 3731 992 3786 decem
1016 3732 1198 3787 libratarum.

151 3819 199 3883 Et,
220 3818 297 3888 quod
317 3858 323 3871 .
346 3859 351 3870 .
375 3858 381 3869 .
403 3855 410 3868 .
431 3833 515 3869 suam
541 3815 701 3878 venientes,
722 3815 773 3884 qui
801 3815 960 3869 secundum
981 3857 987 3870 .
1010 3857 1016 3870 .
1039 3833 1119 3870 .nec
1149 3833 1197 3869 eos

152 3903 258 3957 mutire
297 3901 493 3973 permittebat.
543 3900 629 3963 Item,
661 3899 754 3954 vitam
785 3917 867 3953 snam
898 3901 928 3953 in
958 3901 1139 3955 consessione
1169 3908 1199 3955 et

149 3988 265 4058 juribus
286 3986 460 4040 Christianis
479 3983 670 4039 terminavit]

186 4190 194 4222 ¹
213 4191 287 4251 Ovid,
300 4192 364 4255 Epp.
377 4206 409 4239 ex
425 4190 514 4247 Ponto,
531 4187 573 4237 lib.
586 4187 612 4236 ii.
631 4190 653 4246 7,
731 4187 741 4218 ⁵
760 4186 854 4251 Foeta]
874 4187 962 4248 Facto,
973 4187 1029 4238 MS.
1090 4221 1097 4240 0

157 4275 196 4320 ll.
733 4265 743 4297 ⁶
760 4265 891 4331 redditum]
911 4267 1027 4326 reditum,
1039 4265 1094 4316 MS.

186 4349 329 4399 2latronam
359 4347 495 4411 ipsoraati]
529 4345 655 4409 ignoranti
733 4345 794 4395 ⁷111
817 4346 860 4395 the
883 4346 982 4411 margin
1005 4346 1027 4396 is
1049 4347 1129 4395 added
1157 4344 1200 4393 the

153 4432 283 4489 baronum,
304 4429 371 4486 MS,
391 4429 436 4475 but
455 4425 560 4476 marked
581 4432 607 4474 to
625 4427 656 4474 be
700 4425 831 4489 following
843 4435 900 4475 note
917 4428 952 4490 by
963 4425 1086 4475 Matthew
1104 4424 1195 4472 Paris:

154 4510 309 4573 transposed.
702 4509 717 4534 ‘⁴
736 4506 846 4569 Capellae
857 4507 888 4554 de
899 4505 1037 4554 infirmaria
1055 4502 1141 4553 Sancti
1153 4501 1202 4549 nl-

187 4588 197 4618 ³
212 4588 350 4654 permansit]
371 4585 503 4650 permovit,
517 4586 573 4636 MS.
701 4590 717 4614 ‘⁸
735 4585 793 4634 bani
807 4584 914 4633 contulit
931 4583 1049 4646 reliquias
1067 4583 1098 4629 de
1114 4588 1201 4628 sancto

189 4669 198 4698 ‘¹
218 4668 384 4731 ennuqelr'stcr]
408 4666 586 4730 euuangeliste,
601 4665 656 4714 Ms,
680 4718 682 4730 ,
702 4668 717 4692 “
736 4663 877 4714 Cosmavel
889 4661 1036 4710 Damiano.”
