3060 5468
313 724 377 788 292
393 736 557 786 ulmum
581 732 788 782 alnisiensis
810 732 1039 781 asaaavmmo
1061 728 1325 780 cuaomcoauu.

148 906 559 979 ¹MD.124⁴.expr·imendam.”
594 905 717 960 Interim
735 904 816 959 misit
833 904 990 974 imperator
1009 945 1015 957 .
1038 945 1044 958 .
1066 944 1073 957 .
1091 903 1127 957 de
1146 902 1231 966 Ocre,
1249 908 1352 958 notum

313 993 452 1046 nuncium
471 1009 555 1045 suum
574 996 603 1045 et
629 995 824 1044 consuetum.
847 1029 853 1041 .
875 1029 881 1041 .
902 1007 1015 1042 summa
1041 987 1109 1042 talis
1134 992 1214 1041 erat:
1243 991 1264 1013 “
1279 986 1352 1058 Sup-

313 1075 456 1146 plicando,
476 1073 652 1129 admonendo
681 1073 868 1144 prohibemus
891 1114 896 1125 .
924 1113 930 1124 .
960 1072 1144 1141 .Anglicum
1161 1072 1193 1124 iu
1211 1075 1353 1141 potestate

315 1178 368 1214 sua
386 1160 539 1222 inveniret,
554 1160 616 1212 sive
635 1157 787 1227 praelatum
806 1156 867 1209 sive
886 1156 985 1218 alium,
1001 1156 1083 1224 gravi
1096 1157 1214 1225 puniret
1231 1154 1351 1218 ultione,

149 1244 282 1296 cnntribu-
315 1243 442 1298 Tandem
459 1243 500 1298 ita
524 1248 709 1312 procuratum
733 1246 778 1293 est
805 1257 822 1292 a
846 1239 1031 1309 magnatibus
1058 1245 1088 1292 et
1112 1238 1244 1310 praelatis
1263 1237 1352 1294 vacil-

147 1310 303 1427 {i‘lnffhnioed
314 1327 442 1382 lantibus
460 1333 490 1381 et
507 1325 725 1386 dissidentibus,
740 1323 817 1393 quod
834 1329 893 1377 tam
913 1340 994 1392 papa
1014 1341 1101 1393 quam
1118 1322 1193 1392 regi,
1214 1341 1274 1376 non
1292 1322 1353 1377 sine

149 1392 212 1506 [zze
223 1393 271 1493 fud
315 1410 553 1482 praecordialibus
572 1409 702 1463 omnium
721 1407 865 1477 suspiriis,
884 1412 929 1460 est
941 1407 1139 1469 satisfactum
1168 1424 1222 1460 nec
1240 1412 1353 1460 tantum

149 1508 218 1574 king,
315 1502 395 1550 carta
407 1513 473 1550 cum
483 1493 669 1548 libertatibus
683 1498 727 1546 est
739 1497 892 1561 propterea
903 1494 1080 1552 conservata,
1094 1488 1218 1543 sedtum
1230 1505 1354 1559 regnum

317 1596 403 1650 quam
422 1578 545 1634 eeclesia
570 1576 729 1638 obsorduit,
749 1575 859 1629 ultiman
886 1574 1057 1629 conditionis
1079 1574 1272 1629 servitutibus
1291 1591 1355 1629 oon·

150 1658 302 1738 Newlsaipts
316 1664 437 1718 sulcata.
475 1661 552 1716 Novi
582 1660 673 1714 sancti
701 1659 811 1713 clarent
837 1659 866 1711 in
884 1658 1002 1727 Anglia,
1020 1666 1127 1729 praeter
1151 1658 1270 1713 beatum
1296 1657 1354 1712 Ed·

149 1724 252 1843 {⁰⁰¹3
263 1743 289 1776 ¹¹¹
315 1747 456 1801 mundum
474 1746 677 1807 confessorem,
698 1760 793 1813 quem,
813 1742 886 1813 proh
911 1741 1009 1796 dolor!
1047 1742 1155 1811 Anglia
1171 1759 1230 1796 nou
1246 1742 1356 1796 meruit

174 1806 209 1856 ΠΒ
250 1795 274 1843 d.
316 1831 450 1884 retinere.
490 1828 613 1882 Sanctus
645 1827 788 1881 Robertus
819 1826 854 1879 de
879 1826 1054 1895 Knareburg
1083 1867 1089 1878 .
1120 1868 1126 1879 .
1155 1867 1162 1879 .
1189 1824 1246 1879 ad¹
1270 1825 1354 1896 eujus

316 1914 446 1968 tumbam
458 1913 574 1967 diversa
590 1912 732 1965 miracula
743 1910 900 1980 probantur
913 1910 1054 1964 celebrari
1069 1951 1075 1963 .
1097 1952 1103 1962 .
1126 1951 1132 1962 .
1147 1909 1305 1973 Edmundi,
1319 1908 1356 1963 ad

186 2051 191 2064 ,
214 2052 220 2065 ,
315 1999 398 2068 cujus
418 1998 596 2067 sepulturam
616 1995 779 2049 certissima
797 1994 938 2047 miracula
956 1994 1174 2048 cboruscabant.
1212 1994 1251 2048 Et
1268 1993 1355 2048 multi

149 2051 302 2167 ffifflmd‘
317 2082 377 2146 alii,
397 2081 467 2135 licet
492 2097 548 2134 non
573 2079 742 2140 canonizati,
763 2077 826 2130 Deo
849 2077 1060 2140 manifestante,
1080 2077 1257 2132 claruerunt.
1294 2076 1355 2131 Ma·

149 2134 239 2249 baffi,
251 2187 280 2235 of
316 2166 408 2235 gister
419 2163 585 2218 Willelmus
605 2161 640 2215 de
659 2161 768 2230 Burg0,
782 2160 891 2213 domini
909 2161 989 2229 regis
1003 2161 1136 2225 clericus,
1150 2160 1183 2214 fit
1200 2161 1355 2232 episcopus

149 2249 271 2301 Llandaff¹
316 2248 528 2312 Laudavensis;
557 2245 609 2299 sed
636 2246 693 2298 cito
720 2251 820 2313 postea
843 2244 953 2297 lumine
977 2245 1126 2298 oculorum
1143 2251 1188 2298 est
1211 2245 1353 2314 privatus.

149 2329 241 2393 Roget,
255 2332 295 2393 bp.
317 2331 510 2384 Consecratur
540 2329 572 2381 in
596 2327 764 2396 episcopum
790 2327 1014 2381 Bathoniensem
1041 2328 1182 2397 magister
1208 2327 1353 2398 Rogerus,

150 2393 262 2457 ⁰fB⁸lh⁹
316 2420 476 2482 praecentor
496 2411 728 2465 saresbiriensis.
766 2410 803 2463 In
821 2411 932 2465 octavis
953 2412 1044 2466 sancti
1062 2411 1182 2466 Martini
1200 2412 1355 2483 episcopus

148 2475 239 2576 3ss
317 2495 527 2549 Lincolniensis
548 2493 756 2556 transfretavit,
776 2512 829 2563 pro
848 2513 935 2549 causa
952 2493 1091 2550 ventilata
1107 2495 1302 2566 interipsum
1326 2504 1356 2552 et

149 2604 255 2669 uuebp.
316 2579 466 2634 canonicos
497 2596 583 2642 su0s;
622 2583 651 2632 ot
681 2577 806 2633 decanus
836 2579 1047 2633 Lincolniensis
1076 2597 1142 2634 oum
1179 2579 1354 2650 quibusdam

147 2672 305 2722 anddeanof
315 2664 469 2726 canonicis,
484 2669 584 2716 contra
602 2663 707 2732 ipsum.
745 2663 840 2716 Multa
855 2664 976 2733 pecunia
988 2668 1175 2733 extorquetur
1193 2681 1211 2717 a
1222 2665 1353 2720 miserri-

148 2738 255 2788 Lineoln
269 2754 302 2803 80
314 2745 388 2802 mis²
408 2747 528 2801 Judaeis.
566 2745 726 2800 Nioholaus
740 2746 775 2800 de
794 2746 881 2800 Molis
900 2765 918 2800 a
935 2764 1005 2815 rege
1018 2746 1152 2801 Navariae
1171 2753 1200 2802 et
1212 2747 1279 2802 aliis
1297 2749 1353 2804 cir-

148 2805 295 2921 afffihtgir
314 2836 481 2902 cumseptus
506 2831 638 2884 hostibus
663 2831 693 2883 in
711 2831 873 2893 Wasoonia,
894 2831 944 2884 ubi
964 2831 1138 2885 senescallus
1164 2849 1258 2902 nuper
1285 2850 1352 2888 con·

146 2886 203 2988 2012
314 2915 498 2978 stituebatur‚
519 2933 577 2968 uon
594 2919 706 2968 tantum
733 2931 763 2967 se
790 2914 928 2977 defendit,
949 2915 1000 2967 sed
1027 2915 1153 2985 gloriose
1179 2917 1351 2988 triumphat.

149 3003 241 3080 Defeat
251 3004 280 3053 of
314 2999 375 3052 Rex
388 2999 565 3053 Francorum
578 2998 709 3051 Parisios
723 2999 852 3068 graviter
864 2999 1049 3053 infirmatur.³
1079 3000 1117 3054 Et
1129 2999 1197 3053 dum
1207 3001 1352 3070 jacuisset

148 3069 424 3146 *hehnsspfduobus
444 3081 546 3135 diebus
572 3082 697 3151 penitus,
718 3096 750 3134 ut
775 3081 891 3144 dicitur,
913 3083 1100 3147 exanimatus,
1123 3083 1240 3138 tandem
1258 3087 1351 3158 respi-

148 3135 294 3251 {genam
312 3184 379 3220 rans
397 3165 556 3236 postulavit
574 3183 690 3218 erucem
704 3165 759 3218 sibi
773 3165 845 3218 dari.
884 3165 1046 3236 Episcopus
1060 3175 1156 3221 autem
1174 3168 1351 3225 Parisiensis
1384 3175 1447 3226 tota

148 3219 277 3331 Thekinyg
314 3249 441 3319 signavit
459 3266 534 3310 eum,
549 3247 658 3311 dicens,
684 3251 702 3273 ‘⁴
717 3248 850 3312 Domine,
865 3254 897 3301 ut
915 3250 1181 3314 ueteeonturbem,
1197 3253 1276 3323 quod
1287 3271 1353 3323 pos·

148 3334 279 3384 ofFrance
313 3334 399 3395 tulas,
421 3333 465 3394 de,
487 3331 707 3385 obsecundando
732 3332 802 3395 Dee,
824 3350 886 3385 eam
912 3334 976 3386 tibi.
1015 3334 1089 3388 Cum
1114 3337 1296 3392 convalueris
1315 3338 1352 3392 ad

148 3415 259 3516 ῗθῦὃῑτίθ
313 3416 441 3486 plenum,
462 3433 528 3469 cum
548 3414 754 3468 deliberatione
780 3422 809 3468 et
834 3414 1025 3470 discretorum
1046 3419 1165 3473 consilio
1185 3425 1267 3474 actus
1285 3428 1352 3477 tuos

148 3474 290 3582 ζζωᾱὲἓζ
313 3499 491 3554 ordinabis.’'
528 3498 590 3553 Rex
608 3507 706 3552 autem
731 3499 812 3553 nulla
835 3500 929 3554 noluit
953 3500 1034 3554 illam
1060 3503 1170 3556 ratione
1198 3503 1351 3573 deponere,

147 3600 266 3663 gemusly
314 3585 365 3638 sed
383 3582 552 3637 deosculans
566 3600 638 3645 eam,
653 3583 791 3651 imposuit
807 3583 920 3636 humeri
934 3602 994 3638 suo.
1032 3585 1176 3640 Robertus
1195 3587 1352 3652 Passelevv,

149 3664 183 3713 ill
260 3732 264 3743 Ι
313 3667 486 3722 Wellensis⁴
505 3666 735 3728 archidiaconus.
756 3666 864 3719 domini
882 3668 961 3736 regis
980 3668 1102 3723 clericus
1122 3676 1151 3724 et
1169 3671 1353 3727 consiliarius

149 3731 297 3848 gozffisge
314 3751 457 3822 specialis,
472 3750 552 3805 dedit
570 3751 635 3820 regi
653 3750 815 3813 consilium,
831 3750 860 3803 in
878 3752 1036 3805 multorum
1055 3755 1268 3820 exterminium,
1281 3774 1353 3827 pan·

149 3861 212 3910 Βοὴ.
225 3863 286 3913 pas,
314 3840 455 3903 pertatem
485 3840 514 3888 et
544 3835 682 3897 dolorem,
711 3840 753 3896 ut,
784 3834 859 3887 facta
885 3836 1072 3904 inquisitione
1099 3854 1151 3907 per
1175 3838 1287 3893 vicinos
1316 3839 1353 3894 de

150 3928 244 3977 selme.
313 3917 403 3986 regiae
431 3919 545 3972 forestae
573 3918 768 3986 occupatione,
789 3917 835 3971 et⁵
861 3919 954 3972 aliena
982 3920 1145 3990 quicunque
1172 3921 1352 3987 invaserunt,

314 4000 424 4068 gravi.
447 4041 452 4052 .
476 4042 481 4052 .
503 4001 711 4063 invenirentur,
741 4000 803 4053 sive
825 4001 936 4069 justam
961 4003 1186 4071 sive'injustam
1213 4005 1447 4072 haberentnfiafi

314 4083 537 4149 exeusationem,
558 4101 651 4154 usque
670 4083 707 4137 ad
725 4084 947 4138 exinanitionem
966 4093 995 4139 et
1012 4086 1228 4142 mendicitatem
1245 4091 1353 4159 puniti,
1366 4091 1421 4138 4⁹7·

315 4166 380 4235 regi
397 4166 576 4231 thesaurum,
591 4168 701 4222 utinam
720 4167 940 4237 profecturum‚⁶
951 4171 1144 4226 cumulabant.
1183 4171 1265 4227 Obiit
1275 4173 1354 4229 Mar·

349 4332 355 4362 ¹
375 4332 421 4396 od]
443 4348 464 4390 a,
476 4332 531 4382 MS.
857 4361 860 4365 ·
885 4336 895 4366 ⁵
913 4337 947 4400 et]
969 4337 1084 4399 Appeara
1096 4340 1249 4402 superfluous
1260 4341 1329 4394 here.

348 4410 357 4441 2
375 4410 527 4475 miserrimis]
547 4410 688 4471 miserimis,
699 4413 754 4463 MS.

347 4489 523 4553 ³infirnretur]
543 4489 697 4553 infirmatur,
708 4491 763 4542 MS.
885 4494 895 4524 ⁶
909 4497 1087 4562 prosectarum]
1148 4497 1356 4565 prosecuturum,

347 4571 356 4600 ⁴
374 4567 511 4632 wellensis]
531 4571 574 4618 An
586 4586 654 4619 error
664 4571 704 4620 for
715 4570 812 4621 lewen-
833 4544 837 4703 ἰ
851 4574 908 4624 MS.

314 4650 356 4706 ais,
367 4664 394 4699 as
406 4648 432 4697 in
444 4646 511 4698 Hiat.
522 4647 603 4711 Arpi,
613 4649 637 4699 ii.
650 4655 706 4701 497.
