3060 5468
327 664 392 728 314
415 675 580 727 usurum
603 673 816 726 rueramusrs
835 674 1065 725 munerario
1088 676 1359 730 euscarecauu

160 851 392 912 a,1),1250,inde
416 866 608 921 expensarum
634 848 789 904 effusiones
816 855 846 904 et
869 849 1002 904 laborum
1030 850 1161 905 diversas
1191 854 1377 919 vexationes,
1403 867 1474 926 stu

325 935 550 990 determinatum
568 940 621 996 est,
636 939 669 988 ut
687 951 770 987 suam
788 933 1034 1005 archiepiscopus,
1049 935 1210 989 secundum
1224 936 1278 1007 jus
1298 955 1378 994 eom·

324 1036 419 1082 mune,
439 1017 640 1073 rationabilius
659 1023 689 1072 et
712 1018 893 1072 tolerabilius
912 1026 1059 1073 exerceret
1074 1019 1327 1088 jurisdictionem,
1347 1028 1378 1079 et

324 1104 366 1158 sic
383 1102 598 1158 visitationem¹
616 1108 842 1174 prosequeretur
861 1103 914 1158 sub
930 1103 1052 1157 diffinita
1069 1104 1297 1160 modificatione.
1337 1107 1376 1164 Et

324 1189 366 1240 sic
384 1187 510 1242 cessavit
527 1195 605 1240 mota
622 1192 789 1257 tempestas.
829 1186 939 1240 Diebus
959 1187 1012 1240 sub
1038 1187 1148 1241 eisdem
1168 1228 1175 1241 .
1197 1229 1203 1242 .
1227 1228 1234 1242 .
1256 1230 1263 1242 .
1284 1192 1374 1248 terris
1383 1186 1474 1241 nisus

323 1271 412 1325 totius
431 1270 659 1325 Christianitatis
680 1310 687 1323 .
709 1311 715 1324 .
738 1311 744 1323 .
774 1270 892 1324 domum
919 1287 1021 1324 eorum
1046 1271 1082 1324 dc
1101 1272 1284 1336 Holcburne,
1307 1293 1374 1345 quas

323 1360 369 1408 est
392 1353 551 1417 Londiniis,
576 1359 611 1408 ut
628 1353 737 1407 ibidem
756 1353 792 1406 do
812 1395 818 1408 .
841 1394 847 1407 .
870 1395 875 1407 .
897 1354 1062 1424 diligenter,
1088 1355 1221 1409 invocata
1241 1357 1374 1428 Spiritus

325 1438 424 1493 Sancti
436 1438 541 1510 gratia,
561 1441 781 1498 contrectarent,
796 1442 826 1491 et
847 1437 872 1491 si
894 1436 1085 1507 corrigende²
1102 1447 1265 1504 cernerent,
1280 1444 1373 1498 refor-

322 1528 444 1578 marent.
487 1523 526 1577 Et
549 1523 619 1592 quia
644 1562 650 1575 .
678 1562 685 1575 .
712 1521 852 1592 ‚praelati
876 1521 913 1574 dc
943 1522 1074 1591 partibus
1100 1522 1204 1577 vicinis
1232 1541 1267 1577 ax
1292 1544 1374 1582 mera

155 1624 300 1675 Provisam
322 1607 515 1662 liberalitate³
535 1647 541 1660 .
563 1647 569 1660 .
592 1605 800 1660 .invenerunt.
839 1606 901 1659 Rex
930 1609 1026 1659 autem
1052 1606 1147 1676 prima
1173 1608 1221 1661 die
1247 1610 1371 1679 capituli

155 1691 267 1756 supplied
279 1698 304 1739 t0
323 1693 446 1747 accessit
468 1692 540 1746 illuc
567 1690 768 1762 personaliter,
795 1691 958 1744 orationum
985 1691 1126 1760 suffragia
1154 1693 1304 1762 petiturus
1335 1695 1371 1751 ab

155 1757 693 1876 tl{212011121'2‘2‘eisdem,procursusque·
715 1792 774 1838 eos,
799 1775 882 1845 pavit
908 1781 941 1827 ut
968 1774 1066 1828 decuit
1090 1776 1276 1846 regulariter.
1318 1779 1370 1834 Se·

155 1843 170 1875 ⁰
189 1893 194 1906 ·
219 1839 233 1874 ⁰
323 1862 423 1932 quenti
442 1861 499 1924 die,
518 1861 630 1931 regina,
645 1858 749 1914 deindo
767 1859 919 1929 episcopus
931 1857 1149 1923 Londoniensis,
1163 1867 1266 1930 postea
1277 1863 1370 1918 domi·

154 1957 297 2011 Pmohm,
321 1964 376 2000 nus
390 1946 537 2000 Johannes
552 1942 690 2015 [Mansel]
702 1943 727 2008 ;5
745 1948 956 2013 consequenter
974 1943 1033 2005 alii,
1051 1949 1150 2014 utpote
1170 1945 1261 2000 abbas
1273 1947 1370 2002 West-

321 2030 499 2092 monasterii,
521 2028 608 2083 abbas
631 2028 730 2082 Sancti
749 2027 865 2089 Albani,
891 2027 979 2080 abbas
998 2026 1033 2080 dc
1051 2027 1209 2092 Waltham,
1230 2035 1261 2084 et
1287 2032 1370 2087 eires

320 2113 546 2175 Londonienses,
578 2117 666 2183 prout
701 2110 758 2181 ipsi
787 2110 949 2164 literatorie
979 2111 1224 2181 supplicaverant.
1275 2114 1371 2171 Erant

319 2203 416 2251 autem
444 2198 549 2250 fratres
575 2193 781 2264 quadringenti
809 2200 838 2248 et
863 2194 998 2264 amplius.
1041 2195 1210 2266 Eodemque
1234 2203 1370 2270 tempore

320 2281 508 2334 commissam
527 2283 571 2331 est
589 2278 721 2347 sigillum
740 2278 856 2346 regium
874 2278 1015 2347 magistro
1033 2279 1182 2333 Willelmo
1202 2320 1208 2334 .
1229 2320 1236 2334 .
1260 2323 1266 2336 .
1277 2277 1469 2353 juris-Ibidis

151 2393 201 2442 Lar
220 2400 308 2438 esum,
320 2363 424 2435 perito.
462 2362 638 2430 Eisdemque
657 2361 835 2430 temporibus
855 2361 973 2430 quidam
990 2362 1085 2425 miles,
1106 2363 1251 2432 quondam
1270 2368 1369 2422 socius

152 2456 301 2517 exactedby
323 2445 457 2515 [Roberti
475 2443 511 2496 de
529 2442 725 2513 Passelewe]⁶
743 2450 773 2498 et
796 2444 927 2513 ejusdem
954 2446 984 2499 in
1003 2446 1095 2501 officio
1114 2448 1255 2502 custodies
1275 2450 1367 2507 fores·

153 2522 416 2586 Geoffreydetarum
447 2544 606 2591 successor,
640 2526 788 2581 Galfridus
819 2529 934 2581 nomine
967 2529 1003 2583 de
1034 2530 1200 2600 Langeleia,
1232 2533 1368 2590 boreales

150 2590 279 2708 {affl}
319 2619 417 2686 partes
435 2629 605 2684 peragrans,
626 2616 655 2665 et
680 2610 716 2664 de
741 2612 914 2665 forestarum
934 2630 967 2667 ae
991 2615 1176 2668 venationum
1201 2622 1368 2688 transgres-

151 2727 221 2778 Μ
320 2698 450 2754 sionibus
466 2700 663 2767 perscrutans,
684 2713 871 2765 quoscunque
890 2703 1004 2766 poterat
1023 2699 1137 2751 irretire
1152 2705 1212 2753 tam
1230 2703 1366 2770 graviter

318 2781 479 2844 mulctavit,
508 2779 661 2851 pecuniam
691 2781 895 2849 extorquendo,
923 2788 957 2835 ut
987 2783 1133 2851 quantitas
1163 2783 1297 2840 thesauri
1327 2787 1366 2841 ud

319 2885 391 2938 opus
409 2865 489 2935 regis
507 2863 622 2918 collecti
640 2863 671 2915 in
690 2863 855 2917 auditorum
874 2864 1009 2918 cordibus
1029 2871 1177 2937 stuporem
1196 2878 1362 2937 generaret.

186 2955 280 3022 lllug.
318 2951 374 3006 Die
400 2967 470 3005 vero
501 2949 579 3002 beati
610 2947 747 3002 Kenelmi
777 2956 974 3017 pervenerunt
1000 2968 1131 3003 rumores
1162 2951 1198 3004 de
1228 2956 1365 3024 captione

149 3025 273 3103 Nemi·
318 3037 398 3107 regis
423 3034 610 3094 Francorum,
638 3037 668 3086 et
696 3032 786 3086 totius
821 3032 964 3085 exercitus
993 3033 1152 3087 Christiani
1181 3037 1363 3105 confusione,

150 3091 306 3208 {Jfflffle
319 3120 424 3192 quibus
443 3118 609 3172 rumoribus
627 3134 784 3187 nunquam,
805 3117 951 3186 praecipue
970 3117 1000 3170 iu
1018 3118 1150 3175 Francia.
1171 3120 1266 3174 auditi
1295 3132 1367 3180 sunt

150 3176 196 3275 thd
204 3177 268 3290 {ling
280 3205 482 3274 ofilebiliores,
503 3202 539 3256 ad
557 3200 689 3254 notitiam
709 3199 934 3255 Oatholicorum.
973 3202 1056 3255 Unde
1074 3209 1136 3256 tota
1154 3204 1365 3264 Christianitas

149 3291 282 3342 Franeein
317 3306 442 3344 moerore
466 3285 616 3341 contabuit
642 3290 672 3338 et
696 3283 804 3340 dolore.
853 3285 963 3339 Eodem
990 3305 1071 3350 anuo,
1100 3307 1198 3344 mense
1225 3289 1364 3349 Octobris

148 3359 281 3409 Pflfflilne·
318 3413 440 3428 .....
461 3369 640 3442 praevidisse,
654 3368 779 3439 dampna
796 3369 927 3424 finitimis
946 3372 1072 3425 maxima
1089 3372 1237 3441 irrogavit.
1275 3377 1364 3434 Anno
1374 3385 1474 3436 lbiqiii.

149 3467 238 3521 mh.
316 3473 431 3530 quoquo
457 3456 510 3510 sub
536 3454 637 3508 eodem
657 3493 663 3506 .
686 3493 692 3507 .
715 3493 721 3506 .
747 3458 929 3507 terraemotus
955 3454 985 3506 in
1003 3455 1120 3525 Anglia.
1166 3457 1205 3511 Et
1230 3461 1310 3529 quud
1330 3463 1474 3522 inIbiuiii,

149 3537 229 3600 quake
241 3538 267 3588 in
316 3541 421 3597 Ciltria
433 3540 538 3600 evenit,
558 3537 684 3592 maxime
702 3543 815 3591 constat
832 3536 1042 3601 admirandum,
1063 3558 1116 3594 nee
1134 3546 1179 3595 est
1190 3541 1245 3596 hoo
1261 3545 1364 3600 visum

146 3602 269 3717 grenffhfl‘
315 3645 333 3681 a
349 3631 478 3695 tompore
496 3622 579 3691 eujus
600 3639 658 3675 non
675 3625 753 3675 extat
769 3622 918 3675 momoria.
969 3624 1039 3694 Ipsa
1057 3625 1134 3677 enim
1152 3627 1247 3694 patria
1265 3630 1364 3685 solida

216 3708 221 3719 '
315 3717 368 3775 est,
389 3716 419 3763 et
445 3712 559 3762 cretosa
575 3722 608 3759 ae
630 3711 754 3776 petrosa,
775 3711 805 3759 ct
831 3706 951 3759 minime
970 3725 1134 3762 cavernosa.
1184 3710 1293 3766 Factus
1318 3714 1474 3769 in-Ibiuiit

315 3809 401 3863 super
422 3791 572 3860 cumipse
592 3829 599 3841 .
621 3829 627 3840 .
650 3829 656 3841 .
678 3788 894 3841 subterraneus.
933 3789 1004 3856 Qum
1022 3786 1191 3846 dicebantur
1209 3795 1257 3847 vel
1280 3797 1362 3852 futu-

313 3894 375 3928 ram
398 3918 404 3927 .
427 3917 433 3926 .
457 3915 462 3927 .
486 3915 491 3926 .
519 3877 643 3926 mortem
661 3871 763 3924 famosi
781 3872 921 3941 principis
940 3874 1126 3945 praesignare.
1166 3876 1246 3931 Obiit
1262 3879 1361 3950 igitur

325 3981 411 3986 *Α
432 3979 559 3985 ..--.—-—
603 3978 654 3983 ----
671 3978 740 3984 —
1111 3983 1194 3989 —-—-
1207 3985 1259 3990 ——-
1266 3986 1354 3994 ——Q

347 4036 353 4066 ¹
373 4032 566 4083 tolerabilius..
586 4070 592 4082 .
610 4071 615 4082 .
636 4034 805 4097 visitationem]
889 4033 1030 4100 ⁵Meaeel]
1057 4038 1176 4100 Supplied
1197 4040 1262 4088 hom
1285 4041 1357 4093 Hira

312 4115 409 4164 'lhaced
425 4115 460 4177 by
471 4113 514 4162 the
533 4127 600 4161 same
618 4119 808 4176 contemporary
857 4112 929 4177 Anpl.
941 4117 990 4162 aud
1002 4115 1088 4164 Floras
1100 4117 1165 4166 Hirr.

225 4203 228 4212 “
312 4211 359 4258 pen
378 4208 464 4242 evera
478 4191 620 4241 correction
637 4192 709 4239 made
726 4207 758 4239 on
775 4207 807 4240 au
889 4192 899 4221 s·
916 4193 1017 4241 Botcrti
1034 4195 1063 4243 de
1074 4195 1220 4261 Passeleroc]
1241 4199 1357 4252 Omitted

312 4288 410 4324 erasure
422 4271 452 4320 of
459 4272 501 4320 the
513 4269 619 4332 original
631 4277 702 4329 text;
720 4272 769 4319 and
781 4286 808 4319 so
856 4272 881 4320 in
893 4272 935 4322 the
947 4273 1003 4323 MS.
1016 4276 1064 4323 and
1075 4276 1101 4324 F
1101 4275 1162 4324 loros
1169 4275 1300 4336 Hist.‚but
1312 4282 1357 4332 the

313 4353 400 4417 copied
411 4351 436 4400 in
448 4348 533 4399 riores
544 4348 611 4397 Hist
857 4367 927 4401 name
939 4354 1017 4416 ought
1028 4355 1149 4418 certainly
1160 4363 1186 4404 to
1197 4357 1227 4405 be
1238 4361 1357 4422 supplied

344 4429 525 4495 9ροηίρειιιὶα]
545 4427 779 4489 cornigeraque.
856 4432 922 4493 here,
941 4449 969 4481 as
986 4449 1087 4497 appears
1106 4435 1170 4484 from
1188 4436 1230 4485 the
1247 4438 1358 4492 Greater

345 4512 355 4544 ³
373 4507 530 4573 liberalitate]
550 4505 679 4565 liberalite,
691 4506 747 4557 MS.
856 4509 997 4573 Chroniclc,
1008 4515 1045 4562 ed.
1059 4514 1138 4575 Wats,
1150 4529 1173 4578 p.
1187 4518 1242 4565 786.

346 4593 355 4622 ⁴
365 4587 560 4655 procursusque]
570 4587 807 4652 procerasquahis.
