3060 5468
327 655 369 718 86
453 667 621 719 murm
643 668 855 721 PARISIENSIS
877 669 1040 719 HISTORIA
1062 669 1264 723 ANGLORUM.

161 950 230 1003 Am
243 955 315 1003 roso.
448 942 498 1011 De
521 941 588 1007 obit
576 949 615 1007 tu
638 941 787 1028 episcopi
814 941 890 1010 Wicc
892 943 1058 1013 touieoeie
1085 943 1263 1013 Willelmi¹

185 1106 215 1151 2¹
230 1100 298 1165 Sept
388 1101 579 1220 Eodemque
624 1124 721 1181 anno,
760 1101 891 1166 circiter
926 1101 1047 1166 festum
1091 1103 1197 1169 sancti
1234 1103 1381 1183 mathei,

161 1167 287 1284 affl
331 1201 415 1269 obiit
401 1205 620 1293 tepiscopus
656 1203 838 1270 Wintoniae
869 1202 1054 1269 Willelmus
1088 1206 1129 1269 de
1161 1205 1251 1285 Rale,
1290 1208 1378 1295 apud

160 1299 271 1416 dggfle·
260 1300 315 1365 be·
332 1306 497 1371 Turonim.
546 1305 619 1386 Qui,
654 1311 693 1371 ut
725 1306 788 1369 eibi
818 1306 1004 1393 parceret
995 1329 1030 1370 rn
1060 1307 1222 1393 expensis,
1254 1308 1378 1375 ibidem

158 1380 271 1482 isaei?
329 1407 459 1473 circiter
482 1408 526 1473 xi.
549 1407 717 1474 mensibus
740 1429 865 1473 moram
888 1429 961 1472 cum
977 1408 1138 1495 castigata
1151 1409 1279 1475 familia
1301 1433 1377 1476 con-

330 1511 485 1576 tinuerat.
539 1510 762 1597 Obligabatur
794 1511 883 1575 enim
915 1511 1120 1597 episcopatus
1150 1512 1220 1598 ejus
1255 1511 1377 1578 debitis

332 1611 627 1679 inaestimabilibus.
666 1613 874 1699 Exposuerat
896 1612 984 1676 enim
1006 1634 1075 1677 non
1096 1612 1268 1677 minimam
1283 1636 1378 1700 pecu-

328 1715 429 1795 niam,
453 1720 522 1780 tam
545 1716 581 1779 in
604 1715 759 1800 primitiis
782 1713 834 1778 sni
857 1714 1052 1799 praesulatus
1074 1737 1112 1781 ac
1133 1714 1356 1802 relegatione?

331 2003 497 2072 Mouuclco‘
525 2002 771 2072 Wiutoocieoees
804 2003 908 2069 coacti
942 2009 1025 2070 sucat
1051 2004 1226 2091 postulare
1255 2003 1379 2072 AEtlcct

631 2126 780 2182 morum,
795 2104 946 2192 fratrem
968 2105 1064 2191 cepis

160 2287 315 2339 menonis
372 2275 527 2340 Monachi
549 2275 652 2362 igitur
674 2275 770 2341 Wint
755 2275 919 2342 tonienses
942 2297 984 2341 ex
1006 2274 1111 2342 tune³
1132 2277 1169 2341 in
1190 2280 1282 2342 arcto
1303 2299 1378 2344 oon·

158 2354 309 2471 ‘gffl'm
329 2377 451 2454 stituti,
483 2378 570 2442 inter
599 2376 656 2443 se4
685 2377 769 2443 hocl
791 2379 968 2464 diligenter
990 2380 1198 2456 conferentes,
1223 2378 1379 2465 pristinae

158 2487 298 2550 compenso
330 2479 572 2554 tribulationes,
605 2501 687 2565 quas
725 2501 784 2566 pro
814 2479 990 2562 Willelmo,
1028 2479 1152 2547 eleot0⁶
1188 2481 1376 2558 Valentino,

159 2553 300 2670 AEpffilm„
329 2602 455 2669 graves,
480 2585 514 2646 et
535 2582 702 2668 graviores
724 2604 784 2669 pro
803 2583 1025 2670 postulatione
1049 2582 1216 2663 willelmi,
1236 2583 1379 2669 episcopi

158 2684 263 2736 ascher
329 2682 656 2749 Norwicensisam
584 2705 656 2770 Jam
694 2684 849 2763 defuncti,
889 2686 1032 2771 perpessi
1069 2690 1157 2762 sunt,
1189 2686 1379 2750 memoriter

158 2751 255 2816 niehop.
328 2786 518 2852 recitarunt.
579 2786 762 2872 Elegerunt
793 2786 897 2873 igitur
932 2788 986 2852 vel
1023 2787 1233 2874 postularunt
1269 2780 1377 2873 ipsum

329 2888 582 2965 AEthelmarum,
606 2890 786 2954 secundum
813 2888 939 2953 domini
968 2890 1053 2976 regis
1076 2888 1269 2975 urgentem⁷
1291 2888 1378 2975 peti·

328 2991 463 3068 tionem,
487 2990 523 3053 in
547 2990 734 3077 episcopum
757 2995 791 3056 et
814 2995 978 3076 pastorem
1007 2991 1190 3057 animarum
1220 2988 1377 3069 suarum,⁸

328 3092 407 3158 licet
445 3097 545 3158 aetate
583 3098 734 3159 tenerum
772 3097 806 3158 et
844 3091 982 3157 scientia
1012 3091 1248 3159 erudiendum.l
1304 3093 1377 3156 Rex

330 3200 441 3259 autem
464 3195 540 3261 ilico
574 3195 710 3260 nuncios
741 3195 935 3280 sollempnes
965 3195 1007 3259 ad
1039 3195 1163 3259 curiam
1193 3196 1377 3260 Romanam

332 3295 523 3376 destinavit,
546 3303 586 3363 ut
609 3297 699 3363 idem
723 3296 986 3385 AE[thelmams],
1000 3296 1105 3362 frater
1126 3294 1240 3375 suus,¹⁰
1261 3296 1377 3361 contir-

327 3402 481 3464 maretur.

499 3576 715 3584 ...--———-..
987 3575 1331 3585 ——----—---—-—--

362 3676 370 3709 ¹
384 3676 416 3727 In
427 3677 469 3727 the
482 3675 581 3742 margin
589 3677 723 3727 medrawn
733 3677 829 3729 smine
906 3677 916 3710 ⁶
935 3676 1020 3744 electo]
1040 3679 1124 3737 elicto,
1136 3677 1192 3729 MS.

327 3757 379 3807 and
389 3755 489 3817 crosier,
500 3756 623 3807 reversed
907 3757 917 3794 ⁷
936 3758 1068 3823 serpentem]
1089 3758 1129 3809 On
1141 3773 1173 3809 an
1185 3771 1291 3807 erasum.

362 3834 373 3864 ²
390 3835 553 3898 Exposuerot
568 3870 575 3883 .
592 3870 599 3884 .
617 3869 623 3882 .
645 3871 651 3882 .
669 3832 826 3902 relocatione]
906 3836 960 3884 ⁸Iu
970 3836 1013 3887 the
1024 3837 1124 3902 margin
1133 3851 1175 3887 ure
1184 3838 1269 3886 drawn
1279 3835 1376 3886 amitte

328 3911 440 3962 written
462 3928 496 3961 on
523 3927 556 3962 an
583 3926 691 3975 erasme,
714 3915 763 3963 end
786 3914 829 3965 the
873 3916 1035 3967 anderoeier.

215 3998 218 4009 ·
330 4005 401 4040 sense
421 4006 502 4040 seems
523 3991 682 4055 incompleta
725 3992 764 4045 cf.
789 3995 826 4043 ed.
906 3994 1039 4045 ”tornum
1057 4033 1063 4046 .
1083 4032 1089 4046 .
1107 4032 1114 4046 .
1135 3993 1303 4060 erudiendum]
1334 3994 1375 4046 On

329 4069 412 4130 Wate,
423 4086 447 4134 p.
463 4075 520 4120 800.
873 4089 905 4123 en
918 4088 1026 4124 erasure.

362 4146 373 4178 ³
390 4164 420 4197 ex
433 4149 503 4214 tuac]
524 4147 566 4199 On
578 4163 610 4198 an
622 4163 729 4200 erasure.
907 4151 927 4182 ¹⁰
929 4153 1017 4217 frater
1028 4153 1100 4220 suus]
1120 4152 1231 4206 Written
1243 4154 1322 4203 above
1333 4153 1376 4204 the

363 4225 374 4257 ⁴
392 4226 454 4276 inter
464 4228 504 4292 ee]
525 4228 565 4280 On
578 4243 610 4278 en
622 4244 729 4285 erasure.
873 4231 932 4282 line.

362 4303 372 4334 ⁵
390 4303 447 4371 too]
466 4304 559 4357 Added
570 4307 597 4357 iu
608 4322 688 4372 marg.

395 4982 569 5420 l
