3060 5468
295 677 337 742 60
420 691 587 743 uersum
609 691 822 744 rnersrnusrs
845 695 1012 747 merome
1034 694 1234 746 suenorum.

127 975 196 1029 Au).
208 984 280 1032 1249.
330 963 493 1032 Waltcrus
516 967 557 1034 cic
571 966 760 1033 Kirlcclccm
783 969 924 1053 bcrcipcc
946 968 1112 1054 recipitur
1135 968 1317 1054 crepito

550 1069 783 1157 episcopatum
806 1072 1075 1138 Decclcccescm.

126 1230 266 1308 uniordo
339 1223 463 1289 Eodem
487 1230 633 1312 tempore
657 1227 809 1290 dominus
840 1249 899 1292 rex
922 1227 1126 1292 exhilaratus
1159 1227 1199 1290 de
1234 1248 1342 1291 rumo-

72 1385 82 1398 .,
126 1298 281 1414 {fflssffid
293 1325 393 1403 ribus,
427 1328 484 1412 qui
515 1330 555 1394 de
586 1329 686 1393 Terra
719 1328 840 1394 Sancta
862 1329 954 1394 allati
977 1329 1085 1416 ipsum
1118 1329 1159 1393 de
1193 1329 1343 1415 captione

125 1430 281 1495 byrheking
294 1427 457 1494 Damiatee
494 1431 765 1508 certificaverunt,
799 1432 957 1497 concessit
990 1432 1132 1518 gratiam
1171 1453 1273 1509 suam,
1309 1438 1344 1494 et

124 1498 281 1617 ffifffifn,
294 1533 476 1617 acceptavit
499 1533 690 1599 electionem
713 1534 753 1598 de
770 1534 916 1599 Waltero
940 1536 980 1600 de
1005 1534 1196 1608 Kirkeham‚
1221 1533 1343 1598 decano

295 1634 492 1701 Eboraoensi
514 1637 645 1712 facturn,
669 1636 796 1722 ipsique
819 1659 969 1702 serenum
993 1636 1125 1701 vultum
1149 1635 1344 1701 ostendebat

293 1758 368 1804 cum
389 1739 508 1804 favore.

437 1984 484 2049 Dc
504 2005 614 2071 pressa
639 1982 767 2050 Christi
790 1984 930 2051 doctioo
953 1985 1026 2069 rcci-
1049 1983 1193 2052 colluto.l

125 2141 241 2221 merm-
339 2139 497 2226 Tempore
535 2160 664 2226 quoque
702 2139 763 2204 sub
803 2138 918 2204 eodem
955 2139 1073 2204 fratres
1105 2138 1342 2206 Praedicatores

125 2209 280 2326 ξ’ζξεὲζξξξῖ
294 2242 527 2328 comperientes
552 2240 826 2307 Christianissimi
857 2240 982 2305 domini
1013 2241 1098 2327 regis
1122 2242 1341 2320 devotionem,

125 2341 248 2393 christis
292 2342 356 2407 sibi
390 2343 628 2429 adquisierunt,
662 2345 769 2408 nescio
802 2343 895 2428 eujus
933 2343 1106 2409 industriae
1138 2351 1341 2430 argumento,

124 2409 246 2541 ἓξὲξ]
293 2447 459 2529 quandam
482 2452 608 2533 petram
631 2446 698 2510 albi
730 2446 909 2522 marmorio,
934 2447 969 2510 iu
992 2469 1058 2532 que
1081 2447 1257 2532 vestigium
1282 2448 1342 2511 hu-

125 2541 280 2659 ffigffim
293 2547 385 2612 mani
407 2547 508 2635 pedis,
532 2548 694 2625 videlicet,
718 2553 758 2612 ut
782 2571 802 2611 a
831 2549 947 2612 multis
968 2548 1113 2613 creditur
1144 2554 1178 2612 et
1212 2549 1341 2627 dicitur,

124 2625 260 2726 oswini-y
295 2651 485 2731 Salvatoris,
509 2650 602 2736 qussi
630 2650 665 2713 in
698 2672 772 2715 cera
802 2650 895 2715 molli
926 2651 1121 2736 impressum
1153 2652 1340 2738 apparebat.

125 2741 238 2793 minster.
294 2754 402 2834 Quam
428 2760 578 2819 esserunt
601 2753 708 2817 Terrae
733 2752 863 2818 Sanctre
894 2753 1010 2819 incolae
1042 2753 1142 2818 fuisse
1165 2755 1342 2840 vestigium

292 2858 328 2922 in
351 2857 471 2922 coelum
486 2853 646 2920 Domini²
661 2854 876 2933 ascendentis,
892 2862 932 2918 ut
956 2856 1100 2941 pertale
1123 2855 1254 2941 signum
1277 2879 1343 2922 me·

292 2960 430 3023 moriem
447 2958 615 3044 discipulis
630 2957 838 3043 relinqueret,
855 2957 1011 3042 quoniam
1029 2958 1077 3021 ibi
1100 2958 1205 3043 ipsum
1224 2959 1342 3023 ultimo

293 3062 458 3128 viderunt.
505 3061 667 3126 Dominus
701 3065 813 3125 autem
847 3082 906 3124 rex
940 3059 1024 3123 illud
1060 3061 1201 3126 ecclesiae
1237 3060 1342 3126 West-

293 3164 484 3231 monasterii
507 3163 657 3242 contulit,
681 3163 766 3227 sicut
788 3184 893 3248 nuper
916 3162 1111 3248 sanguinem
1128 3162 1252 3228 Christi
1268 3186 1342 3228 con-

294 3269 426 3347 tulerat,
445 3281 480 3331 et
502 3266 587 3330 sieut
610 3286 714 3341 omne,
731 3264 820 3349 quod
842 3266 980 3350 poterat,
997 3263 1108 3328 nobile
1123 3264 1326 3332 donativum.

558 3519 607 3582 Dc
629 3516 818 3582 leomallulo
842 3524 872 3583 ct
893 3518 1014 3601 piperni
1041 3519 1079 3583 lo.
1164 3566 1166 3570 -

124 3679 277 3759 rodigionis
338 3672 553 3760 Temporibus
579 3693 709 3757 quoque
739 3670 800 3735 sub
835 3671 956 3736 eisdem
989 3672 1123 3757 quida-m
1157 3674 1342 3753 homuncio,

124 3748 212 3798 brnhs.
292 3801 359 3843 non
381 3783 493 3842 autem
516 3797 631 3851 nanus,
655 3773 734 3859 quia
755 3773 904 3838 membro
927 3773 1051 3838 habens
1074 3774 1138 3840 sibi
1161 3778 1342 3863 proportio-

293 3880 390 3959 nalia,
413 3878 587 3962 aetatisque
610 3876 733 3941 habens
756 3875 886 3940 circiter
908 3876 998 3941 xviii.
1024 3877 1208 3954 ann01·um,³
1226 3881 1343 3946 inven-

327 4117 438 4168 ¹1nthe
457 4117 535 4166 lower
545 4116 644 4180 margin
655 4114 795 4164 isadrarr·
839 4112 971 4163 accendens
999 4113 1113 4179 relinquit
1133 4117 1186 4164 suis
1213 4116 1342 4184 discipuli}

293 4202 338 4266 ing
360 4196 534 4262 representing
552 4195 596 4246 the
616 4194 745 4244 ascension
770 4193 799 4242 oi
835 4209 883 4257 pro
895 4191 1026 4242 memoriali
1037 4191 1119 4243 ultimo
1132 4211 1225 4260 pascus
1241 4199 1282 4246 cui
1298 4200 1341 4247 im·

294 4277 532 4333 Christtoheaien.
546 4276 601 4325 The
609 4289 688 4338 upper
696 4273 795 4336 portion
835 4273 981 4335 pressiorem
1015 4274 1042 4320 in
1076 4289 1191 4324 marmore
1229 4276 1341 4338 candido,

293 4361 325 4409 of
331 4360 373 4410 the
381 4354 732 4422 figureishiddenbyclouds,
745 4355 795 4402 and
839 4368 911 4414 quam
934 4351 1043 4400 dominus
1065 4371 1110 4402 rex
1133 4352 1260 4405 Henricar
1283 4355 1340 4409 111.

293 4439 335 4490 the
348 4438 417 4502 right
424 4437 475 4486 foot
483 4435 505 4484 is
512 4435 538 4483 in
552 4434 595 4483 the
603 4440 644 4482 act
651 4433 681 4482 of
689 4432 795 4496 making
839 4429 939 4482 contulit
949 4431 1054 4481 ecclesia
1074 4431 1306 4484 Wesimonaeierii.”

293 4535 325 4569 sn
337 4515 687 4581 impressionontheground.
707 4512 794 4561 Below
871 4511 881 4542 ²
899 4511 1014 4576 Domini]
1034 4513 1127 4562 Added
1138 4513 1166 4563 in
1177 4529 1257 4579 marg.

293 4600 315 4648 is
327 4597 428 4647 written
439 4595 467 4645 in
478 4596 523 4645 red
540 4594 633 4654 letters,
651 4591 794 4644 “Cicirrius
815 4610 817 4650 ;
872 4591 882 4622 ³
899 4592 1030 4657 crinorum]
1050 4593 1142 4643 Added
1154 4593 1181 4641 in
1193 4609 1273 4660 marg.
