3060 5468
301 724 347 771 nu
370 722 528 774 rnueone
551 725 652 775 nume
676 727 832 788 ueneror,
856 727 921 777 vrz.
945 728 1069 779 rueme.
1144 715 1202 779 131

222 985 377 1053 Rotnani
400 985 614 1056 constituant
635 987 703 1057 ethi
725 995 912 1056 senatorem
934 986 1148 1056 triennalem.
1220 1006 1289 1057 aa).
1304 1012 1368 1058 ress

202 1144 344 1209 Romani
368 1145 534 1231 quendam
557 1147 662 1212 civem
687 1146 928 1212 Bononiensem
951 1147 1015 1212 sibi
1038 1147 1338 1233 elegeruntrheRo-

157 1246 194 1310 in
216 1251 408 1314 senatorem.
457 1248 523 1327 Qui
553 1249 663 1313 noluit
686 1250 879 1326 consentire,
904 1248 970 1313 nisi
993 1250 1206 1314 constituere·
1219 1233 1365 1349 ffiffi

157 1352 214 1412 tur
247 1349 429 1428 triennalis,
462 1355 577 1415 contra
611 1350 835 1416 Romanorum
868 1351 1042 1436 antiquam
1074 1373 1206 1417 consue-
1220 1373 1326 1416 senator.

156 1450 317 1530 tudinem,
340 1456 375 1516 et
407 1452 587 1517 secundum
618 1454 762 1539 rigorem
779 1453 924 1538 justitiae
946 1455 1081 1541 puniret
1103 1454 1208 1520 delin-

157 1557 302 1638 quentes.
349 1553 396 1618 Et
429 1554 492 1618 hoc
524 1553 587 1619 ut¹
610 1562 720 1621 retum
753 1555 899 1636 haberet,
931 1557 1044 1644 exegit
1079 1557 1208 1623 obsides

155 1654 297 1742 frugales
331 1678 351 1720 a
382 1655 603 1722 nobilioribus
637 1657 736 1725 urbis.
792 1658 874 1739 Quae
909 1660 1021 1724 omnio
1055 1680 1207 1725 concessa

49 1787 52 1790 ⁴
155 1762 234 1823 sunt
271 1757 329 1825 illi.
391 1758 533 1826 Senator
570 1759 674 1847 igitur
711 1761 913 1826 constitutus
951 1766 1010 1827 est.
1072 1760 1205 1826 Nomen

154 1865 266 1928 eutem
297 1861 349 1926 illi
382 1862 569 1930 Breuceleo.
616 1862 693 1950 Ipso
725 1884 792 1928 non
826 1863 894 1928 fuit
925 1862 1046 1949 aliquis
1073 1866 1207 1929 senator

152 1962 274 2028 nostris
296 1964 502 2052 temporibus
529 1964 662 2050 justior,
686 1969 747 2033 eut
770 1965 807 2028 iu
830 1962 1046 2030 executione²
1069 1963 1207 2029 ultionis

155 2065 323 2130 insontes
345 2065 505 2154 rigidior.³

447 2334 497 2399 De
519 2332 645 2399 censto⁴
673 2332 907 2402 We'ntono'ensi.

199 2489 283 2575 Regi
315 2493 427 2557 eutem
458 2511 619 2575 pransuro
650 2490 735 2556 festo
762 2490 936 2558 memorati
959 2489 1101 2567 Natalis,
1124 2490 1205 2557 feee-
1217 2511 1360 2578 Henryre·

156 2597 234 2655 runt
258 2591 345 2655 cives
368 2591 615 2657 Wintonienses
645 2592 805 2656 xenium⁵
835 2591 1084 2658 nobilissimum.
1132 2591 1206 2658 Rex
1218 2593 1327 2708 {213ss

156 2714 233 2758 vero
266 2692 397 2757 eosdem
435 2693 471 2756 in
509 2692 668 2758 ducentas
707 2716 833 2760 merces
871 2693 1034 2779 obligans,
1072 2694 1205 2758 Natalis
1217 2711 1283 2761 from
1294 2713 1336 2762 tue

154 2792 418 2881 solempnitatem
456 2794 493 2859 in
531 2795 704 2883 lugubrem
744 2797 790 2862 eis
835 2795 1001 2863 convertit
1046 2795 1206 2860 lementa·
1218 2776 1362 2894 §yl‘fflfff

155 2896 289 2963 tionem.
1218 2916 1264 2960 ter.

170 3164 276 3231 Facto
298 3172 343 3233 ee
365 3165 549 3234 concordio
571 3165 663 3232 o'ntor
685 3165 978 3255 archepiscopum
1000 3171 1031 3231 ot
1053 3163 1191 3232 eanum

539 3267 825 3338 Wentoniomeml

200 3427 241 3491 In
264 3429 386 3492 octabis
409 3451 487 3493 vero
503 3428 721 3514 Epiphaniae,l
737 3450 813 3515 rege
837 3434 871 3493 et
893 3428 1008 3515 regine
1030 3426 1206 3513 diligenter
1250 3450 1279 3495 1³
1291 3445 1353 3503 an.

155 3532 417 3616 procurantibus,
442 3552 517 3617 rege
550 3552 610 3616 pro
644 3531 747 3596 fretre
780 3553 839 3595 suo
874 3530 985 3610 electo,
1009 3530 1123 3617 regina
1147 3550 1206 3614 pro
1219 3511 1345 3630 meh&

154 3634 316 3698 avunculo
340 3655 398 3698 suo
423 3634 674 3720 archiepiscopo²
699 3635 794 3720 plene
817 3633 994 3697 restitutus
1017 3641 1068 3695 est
1090 3631 1206 3716 gratiae
1219 3653 1299 3696 tween
1309 3646 1351 3696 the

155 3742 189 3801 et
226 3737 299 3823 poci
334 3736 458 3801 electus
491 3736 673 3821 preedietus
705 3758 780 3802 cum
815 3734 1068 3821 archiepiscopo,
1104 3736 1139 3797 et
1169 3711 1325 3828 inffitffl

153 3840 261 3903 osculo
284 3839 373 3925 pacis
395 3839 580 3905 restitutus.
627 3839 650 3903 J
652 3840 766 3904 uravit
796 3840 885 3905 euim
909 3839 945 3902 in
967 3835 1100 3924 publico
1125 3834 1205 3900 elec·
1218 3844 1345 3909 butrano

155 3945 218 4019 tus,
242 3942 331 4025 quod
354 3963 524 4026 nunquam
548 3947 756 4008 consenserat
783 3942 832 4004 illi
856 3939 1033 4019 violentiae,
1057 3959 1116 4026 pro
1140 3910 1332 4022 quabpeleet

188 4157 195 4187 ¹
214 4159 254 4224 ut]
274 4158 421 4209 Interliued.
707 4161 841 4212 Chronicle
865 4161 892 4209 iu
912 4160 954 4210 the
973 4174 1046 4225 years
1068 4163 1131 4209 1258
1155 4157 1205 4206 and

187 4237 197 4267 ²
214 4240 363 4305 exemtione]
384 4242 516 4302 excucdne,
529 4240 585 4292 MS.
707 4246 778 4291 1259.
814 4240 860 4290 See
871 4240 975 4289 Prefece
986 4247 1012 4288 to
1024 4239 1073 4289 voh
1086 4238 1102 4288 i.
1114 4254 1137 4302 p.
1150 4236 1166 4286 l.

187 4316 280 4367 ³Here
299 4322 360 4367 ends
378 4320 420 4370 the
441 4320 613 4385 hsudwrlting
630 4320 659 4370 of
737 4321 747 4351 ⁴
764 4321 849 4387 renio]
869 4319 1019 4379 zeuio‚MS.

153 4395 196 4446 the
211 4399 301 4447 author
319 4400 440 4449 hintthew
451 4401 532 4457 Puris,
545 4403 595 4449 aud
612 4401 653 4450 the
736 4399 746 4431 ⁶
764 4399 872 4464 xenium]
892 4400 1001 4459 nenium,
1015 4398 1071 4449 MS.

152 4477 292 4527 remainder
304 4480 333 4527 of
346 4479 397 4528 this
408 4494 468 4543 yeur
480 4480 502 4529 is
513 4481 614 4529 written
626 4480 654 4528 in
736 4479 746 4510 ⁶
764 4477 971 4543 wintoniensem]
1002 4475 1204 4530 vintoniensem.

153 4557 297 4606 adiffereut
310 4559 355 4608 but
373 4567 566 4625 contemporary
578 4560 655 4622 hand,
702 4559 758 4610 MS.

152 4635 237 4684 which
248 4637 293 4687 hes
305 4638 359 4687 also
370 4638 511 4701 completcd
525 4640 568 4689 the
580 4640 655 4689 fuller
735 4639 745 4674 ⁷
763 4637 929 4702 Epiphania]
948 4634 1080 4698 Ephiph'e‚
1091 4630 1145 4680 MS·

1019 4714 1075 4776 12
