3060 5468
337 718 386 767 nn
407 717 566 768 rnnrosn
588 718 689 768 neers
711 718 867 780 assumor,
891 718 957 769 viz.
980 718 1106 769 runnu.
1189 703 1251 766 105

202 914 300 958 suum
338 891 492 959 aerarium
529 891 663 978 penitus
701 889 912 971 exinanivit,l
950 891 1049 979 hujus
1082 892 1334 965 immemoran.
1347 915 1420 965 reor.

203 995 369 1076 versiculi,

383 1125 402 1157 “
425 1117 477 1184 Tu
502 1119 620 1206 quovis
643 1140 718 1186 caro
741 1117 846 1184 carior
868 1123 939 1185 esto
961 1117 1053 1186 tibi.'’

356 1377 458 1464 Papo
479 1376 670 1445 Perusiam
691 1375 794 1460 vertit,
817 1383 846 1445 ct
868 1376 920 1444 tbi
940 1383 1107 1446 moratur.

248 1538 339 1624 Papa
361 1559 382 1602 a
404 1535 591 1604 Mediolano
613 1536 769 1603 recedens
792 1536 1030 1626 Perusiumque
1047 1537 1250 1625 perveniens,
1264 1545 1321 1597 The
1333 1561 1398 1626 pope

202 1639 326 1706 ibidem
349 1639 548 1718 morabatur,
573 1640 651 1726 quia
673 1639 790 1705 datum
812 1639 878 1705 fuit
907 1639 958 1705 illi
987 1640 1140 1727 intelligi,
1164 1640 1253 1726 quod
1263 1621 1417 1746 ‘ffffiff

202 1742 231 1806 si
256 1741 395 1806 Romam
411 1742 608 1827 perveniret,
631 1742 775 1806 Romani
798 1742 970 1828 exigerent
993 1743 1036 1807 ab
1065 1764 1103 1808 eo
1130 1741 1252 1808 inaesti-

203 1842 358 1907 mobilem
381 1844 554 1929 pecuniam
585 1843 678 1928 quasi
712 1843 869 1921 debitam,
893 1843 972 1929 quia
1002 1842 1256 1909 immutabiliter

203 1941 392 2009 steterant³
413 1966 488 2009 cum
511 1966 549 2010 eo
571 1950 687 2010 contra
710 1943 947 2025 Frethericum,
977 1948 1012 2012 et
1040 1945 1087 2014 sic
1109 1945 1254 2012 multum

204 2046 398 2111 thesaurum
421 2050 651 2134 exposuerant.

375 2298 605 2369 Iactdtoatur
626 2300 732 2369 motti
754 2301 827 2388 rapi
848 2301 1077 2370 Fraacoram.

249 2457 362 2523 Pisani
377 2463 412 2524 et
425 2458 450 2523 J
450 2481 611 2526 anuenses
625 2459 829 2527 insidiantur
843 2460 913 2548 regi
929 2459 1142 2542 Francorum,
1157 2481 1255 2547 quem
1268 2467 1424 2539 Conspiraoy

205 2560 382 2627 credebant
404 2582 462 2647 per
485 2583 573 2627 mare
596 2562 632 2626 in
648 2562 823 2629 Franciam
838 2563 1032 2629 reditmum.
1079 2563 1166 2646 Quia
1180 2584 1254 2629 curn
1267 2538 1359 2656 {iffi
1369 2605 1420 2657 anu

205 2662 310 2748 primo
332 2663 369 2726 in
392 2662 583 2729 Damiatam
605 2663 797 2745 intrassent,
815 2669 850 2730 et
865 2664 935 2750 ejus
949 2687 1105 2752 magnam
1127 2671 1255 2752 partem
1268 2669 1425 2799 fgtppppeffle

205 2769 423 2850 occupassent,
449 2765 568 2831 Franci
591 2767 861 2852 supervenientes
877 2767 1009 2833 eosdem
1032 2763 1332 2865 occuparuntlffi1¹8
1343 2804 1374 2853 of

205 2871 240 2930 et
261 2867 440 2950 procaciter
461 2868 660 2952 affugarunt,
690 2872 724 2932 et
747 2890 821 2953 quae
844 2868 1071 2952 adquisierant
1093 2867 1257 2933 violenter
1268 2866 1375 2920 &²⁰00-

205 2968 416 3032 abstulerunt
430 2967 463 3045 3⁴
485 2972 519 3032 et
541 2969 587 3033 sic
610 2969 829 3034 adversitates
852 2969 991 3034 diversae
1005 2990 1117 3054 regem
1131 2967 1257 3034 afflixe-

204 3074 293 3133 runt.
328 3070 467 3152 Insuper
488 3069 593 3146 navis,
616 3089 690 3152 quae
712 3090 809 3134 suum
833 3068 897 3134 sibi
912 3068 1126 3135 thesaurum⁶
1140 3092 1258 3156 appor-

205 3170 302 3246 tavit,
327 3176 446 3232 onusta
477 3189 544 3233 non
577 3169 691 3256 procul
713 3169 756 3234 ab
781 3170 899 3234 Achon
930 3171 967 3234 in
1000 3171 1083 3234 mari
1106 3175 1157 3236 est
1179 3170 1258 3236 sub·

206 3293 319 3338 mersa

236 3501 448 3571 ilccmctucss
471 3522 574 3569 coram
595 3500 822 3587 Leprecestrioc
843 3502 1010 3591 tepenter
1031 3505 1227 3593 reponat!

252 3654 366 3720 Censes
388 3650 616 3738 Legrecestriae
638 3650 768 3716 rediens
789 3674 810 3716 a
824 3652 1008 3734 Weseonia,
1024 3676 1045 3719 a
1059 3653 1257 3720 Wasconen-
1270 3664 1354 3732 Reply
1365 3669 1397 3720 os

206 3757 296 3820 sibus
318 3755 466 3841 gnaviter
487 3758 665 3830 accusatur,
688 3754 785 3838 quod,
802 3755 933 3833 scilicet,
950 3755 1109 3840 quosdam
1131 3757 1258 3822 nobiles
1270 3731 1418 3851 fficfflf

207 3862 302 3923 tcrrae
325 3857 414 3921 illius
437 3855 531 3942 quasi
553 3855 685 3940 pacifice
700 3855 757 3919 sed
780 3854 817 3920 in
840 3856 915 3921 dolo
930 3857 974 3920 ad
996 3878 1030 3921 se
1053 3863 1257 3939 convocatos,
1270 3866 1406 3917 totheae·

207 3959 388 4024 incarcerat
410 3963 444 4024 et
466 3956 637 4022 interimit.
684 3955 812 4036 Quibus
828 3957 937 4022 verbis
952 3978 1058 4024 comes
1079 3959 1258 4028 inficiando
1270 3940 1398 4049 mm

219 4128 374 4135 ——0—.--
560 4125 635 4133 --—-
644 4127 779 4133 --——.
787 4128 844 4134 .-
852 4129 896 4134 .-
902 4129 931 4133 -.-

240 4218 249 4251 ¹
267 4218 414 4282 exinanivit]
435 4216 573 4277 emanavit,
585 4215 642 4266 MS.
788 4217 799 4250 ⁴
816 4217 982 4288 abstrrlcrant]
1004 4221 1170 4283 obstulerant,
1183 4221 1240 4272 MS.

135 4317 141 4327 ·
240 4297 397 4362 ²strlerant]
417 4298 455 4345 At
466 4296 519 4344 first
529 4293 628 4344 written
639 4301 710 4344 stete·
788 4313 799 4345 s
817 4313 969 4382 thesaurum]
989 4317 1121 4377 thwum·
1134 4317 1190 4368 MS·

207 4385 271 4426 runt.

240 4456 251 4486 ³
268 4456 433 4519 occrqmrum]
448 4468 578 4517 occupare,
589 4452 655 4511 MS„
664 4453 710 4502 but

208 4537 326 4593 ecrascd,
338 4535 387 4583 and
398 4549 413 4583 a
425 4533 502 4583 blank
514 4546 587 4596 space
598 4531 628 4581 of
641 4531 710 4581 three

208 4614 290 4664 letters
303 4614 355 4663 left.

790 4410 800 4442 ⁶
817 4399 971 4476 Accusatus]
992 4412 1127 4473 densatus,
1139 4412 1195 4461 MS.

790 4507 800 4544 ⁷
818 4509 952 4574 respondit]
972 4510 1111 4573 respondet,
1122 4507 1179 4556 MS.
