3060 5468
316 693 561 756 alsuanum
584 675 798 755 ramsrsusrs
820 703 1051 755 sssssuano
1073 706 1340 758 onaomcosuu.

149 878 518 944 antemeridianum,
538 880 677 934 videlicet
703 880 807 933 fratres
826 879 862 932 de
879 878 980 933 Monte
1005 879 1143 945 Carmeli,
1162 881 1271 937 fratres
1291 882 1363 938 Oru-

147 958 303 1010 Memorable
315 964 481 1029 citerorum,
501 968 532 1018 et
549 964 669 1034 quidam
688 965 740 1033 qui
758 979 790 1017 se
808 962 957 1033 appellant
974 964 1081 1018 fratres
1098 963 1134 1018 de
1147 964 1259 1020 Ordine
1272 967 1364 1022 sancti

147 1035 234 1076 ‘'⁰¹¹‘’
245 1029 271 1076 ¹¹¹
315 1045 485 1118 Augustini,
499 1049 625 1103 etmulti
637 1048 697 1102 alii.
718 1048 795 1103 Item
808 1048 838 1101 in
849 1047 1023 1102 Alemannis
1035 1056 1064 1103 et
1076 1049 1201 1104 Francia
1211 1051 1362 1114 mulieres,

146 1094 194 1223 Ῐξὲ
202 1095 303 1209 ἷῗὲθᾱ
316 1151 380 1204 quae
399 1151 430 1187 se
448 1133 595 1203 Beguinas
614 1133 772 1186 nominant.
811 1131 900 1185 Multi
919 1134 1011 1187 sancti
1029 1133 1059 1185 in
1071 1132 1181 1204 Anglia
1198 1135 1315 1199 florent,
1335 1135 1365 1188 in

145 1234 258 1290 century.
316 1216 425 1286 Anglia
436 1217 484 1272 vel
503 1216 539 1271 de
557 1216 674 1286 Anglia,
694 1217 796 1270 beatus
816 1216 930 1271 scilieet
947 1217 1128 1280 Edmundus‚
1143 1217 1365 1274 Cautuariensis

315 1301 559 1370 archiepiscopus,
583 1300 660 1370 apud
681 1300 885 1354 Pontiniaoum
902 1299 1003 1369 jacens
1023 1300 1177 1355 choruscat
1200 1303 1363 1368 miraculis,

315 1385 504 1455 ejusdemque
517 1384 616 1447 frater,
630 1385 772 1453 magister
789 1383 944 1438 Robertus.
984 1383 1108 1439 Sanctus
1128 1384 1277 1440 Robertus
1299 1427 1306 1440 .
1329 1428 1336 1442 .
1357 1429 1363 1441 .

315 1468 523 1523 Londoniensis
547 1469 691 1538 Rogerus,
721 1468 758 1521 ad
784 1468 869 1537 cujus
897 1468 1027 1522 tumbam
1048 1469 1133 1538 signa
1159 1469 1366 1541 appenduntur

315 1553 531 1624 quamplurima
555 1552 763 1607 beneficiorum
790 1551 962 1606 collatorum
991 1552 1115 1607 infirmis
1142 1555 1362 1610 testimonialia.

315 1637 391 1691 Item
403 1638 434 1691 in
451 1635 644 1700 Alamannia,
655 1643 754 1690 sancta
772 1636 934 1700 Elisabeth,
954 1637 1143 1707 Andegravia
1160 1638 1197 1692 do
1216 1639 1363 1711 Duringe,

315 1728 431 1777 sanctus
449 1722 634 1791 Augustinus
652 1721 683 1774 in
701 1720 869 1790 Norwagia,
890 1720 977 1775 oleris
997 1722 1126 1790 probatis
1146 1728 1177 1777 et
1194 1724 1365 1794 approbetis

315 1806 464 1861 miraculis
495 1806 688 1860 illustrantur.
733 1805 773 1858 Et
802 1811 884 1858 extra
911 1805 997 1859 istam
1020 1807 1280 1876 quinquagenam,¹
1307 1809 1366 1864 cito

315 1896 412 1945 tamen
429 1896 505 1960 post,
525 1889 602 1960 apud
620 1889 811 1951 Liuoolniam,
832 1895 948 1943 sanctus
967 1890 1031 1958 ejus
1055 1891 1184 1945 civitatis
1209 1893 1365 1965 episcopus

316 1975 461 2029 liebertus
482 1972 536 2039 11,
557 1974 728 2028 examinatis
747 1972 909 2034 miraculis,
931 1973 1059 2042 gloriose
1082 1975 1171 2029 nimis
1192 1974 1364 2032 honoratur.

316 2058 400 2112 Unde
424 2059 455 2112 in
480 2058 581 2112 eadem
604 2058 729 2112 ecclesia
746 2057 798 2111 alii
822 2057 939 2126 pristini
970 2058 1072 2122 sancti,
1103 2059 1216 2114 scilieet
1247 2068 1367 2118 sauctus

316 2142 471 2212 Remigius
484 2147 513 2195 et
525 2146 643 2196 sanctus
662 2142 761 2210 Euge,
777 2141 861 2211 quasi
880 2141 1099 2211 congaudentes
1112 2148 1142 2196 ot
1154 2145 1367 2215 applaudentes

316 2244 390 2280 novo
408 2226 548 2280 confratri
572 2243 634 2290 suo,
656 2230 754 2279 sancto
781 2225 919 2289 Roberto,
940 2225 1010 2280 lieet
1031 2244 1090 2280 non
1113 2229 1292 2296 canonizato,
1314 2250 1368 2287 sua

317 2309 429 2363 Christi
459 2309 593 2363 fidelibus
623 2309 764 2363 beneficia
793 2309 1002 2364 miraculorum
1033 2311 1117 2380 quasi
1147 2315 1284 2368 certatim
1314 2315 1368 2370 im·

316 2392 488 2463 penderant,
509 2398 661 2447 uteorum
687 2392 888 2447 testimonium
912 2394 1122 2448 canonizationi
1151 2397 1366 2468 aequipolleret,

316 2476 355 2530 Et
372 2494 428 2530 non
447 2480 514 2546 post
530 2476 638 2529 multos
657 2475 720 2530 dies
740 2475 859 2545 quidam
877 2494 951 2547 puer
970 2477 1088 2531 circiter
1116 2474 1254 2550 [trium]²
1281 2500 1369 2538 anno-

316 2579 392 2625 rum,
424 2577 512 2632 quem
540 2558 638 2613 Judaei
666 2558 921 2624 circumciderunt,
954 2560 1169 2627 crucifixerunt,
1191 2571 1222 2620 ot
1238 2574 1368 2636 poster.

316 2646 445 2717 cogitata
462 2650 606 2698 tormenta
623 2643 654 2696 in
672 2661 759 2698 cruce
778 2645 956 2709 occiderunt,
977 2646 1008 2698 in
1027 2646 1149 2701 ecclesia
1163 2647 1368 2708 Linoolnisnsi

316 2730 458 2802 sepultus,
484 2729 587 2783 multis
609 2728 742 2782 sanitatis
769 2729 910 2800 suffragia
937 2730 1046 2784 dicitur
1070 2733 1238 2799 contulisse,
1265 2736 1309 2791 ita
1333 2744 1367 2794 ut

315 2815 440 2871 ecclesia
467 2812 679 2868 Lincolniensis
705 2813 875 2868 beatissima
901 2815 1119 2884 praedicaretur,
1140 2823 1169 2873 et
1193 2837 1211 2872 a
1234 2824 1368 2894 peregri-

315 2901 421 2955 naliter
440 2916 504 2952 eam
523 2897 697 2952 adeuntibus
709 2898 909 2952 honoraretur.
948 2899 1016 2969 Ipse
1036 2918 1151 2970 quoque
1171 2902 1367 2966 Oicestrensis

316 2984 458 3040 Ricardus
484 2984 556 3038 adeo
583 2983 689 3037 claruit
716 2983 875 3046 miraculis,
903 2988 937 3037 ut
965 2984 1137 3039 viderentur
1167 2991 1366 3058 apostolorum

315 3078 445 3140 tempora
480 3067 624 3122 renovari.
673 3066 880 3121 Rcmdificatur
910 3068 1035 3123 ccclesia
1064 3070 1366 3131 Westmonasterialis

315 3155 479 3225 sumptibus
500 3193 506 3205 .
527 3194 532 3206 .
556 3194 562 3205 .
583 3151 729 3215 Edwardi,
744 3152 780 3205 de
799 3152 930 3222 ejusdem
948 3154 1029 3223 regis
1042 3153 1179 3209 thesauro
1191 3158 1364 3216 fabricatur.
1377 3161 1455 3215 Ibidi

314 3239 394 3295 Vasa
426 3238 546 3307 insuper
573 3236 726 3290 carissima
752 3237 961 3306 impretiabilia
986 3243 1015 3291 et
1044 3239 1236 3296 admiratione
1263 3244 1364 3316 digna,

315 3340 382 3377 cum
401 3321 526 3391 gemmis
539 3320 699 3383 olosericis,
721 3320 889 3391 campauis³
906 3321 1080 3391 praeelectis,
1096 3332 1125 3378 ct
1143 3326 1226 3380 novis
1246 3328 1367 3385 liberta-

314 3407 393 3461 tibus
412 3406 507 3459 eidem
526 3404 624 3458 domui
650 3422 667 3457 a
691 3421 761 3474 roge
779 3406 984 3471 conferuntur3
1005 3407 1218 3480 {edificavitque
1236 3412 1367 3469 ibidem*

314 3491 448 3546 dominus
472 3507 524 3543 rex
548 3487 709 3560 capitulum
733 3488 980 3559 incomparabile.⁵
1016 3491 1232 3563 Albigensium,
1254 3497 1368 3554 Jorini·

314 3594 444 3639 anorum,
465 3575 652 3644 Bugororum
679 3578 709 3627 et
734 3573 858 3627 aliorum
884 3575 1045 3629 ementium
1062 3576 1189 3633 haercses
1209 3580 1368 3652 diligentia

313 3661 539 3732 praedicatorum
558 3654 770 3712 exsufflantur.⁶
806 3657 842 3710 In
860 3658 952 3712 Terra
983 3660 1111 3715 Sancta⁷
1141 3681 1209 3734 pars
1237 3665 1367 3722 Ohristi·

314 3763 445 3809 anorum,
467 3743 635 3798 Sarracenis
654 3740 691 3795 ad
709 3747 810 3796 votum
829 3760 906 3812 sape
924 3744 1183 3814 triumphantibus,
1203 3766 1261 3803 non
1273 3751 1368 3805 medi·

314 3830 422 3884 ooriter
450 3828 635 3893 infirmatur;
667 3824 719 3880 sed
748 3825 780 3879 in
810 3825 957 3897 Hispania
980 3828 1097 3897 jactura
1131 3832 1199 3886 talis
1237 3834 1368 3892 feliciter

347 4072 354 4102 ¹
373 4080 444 4121 extra
460 4076 530 4121 istum
546 4073 752 4136 quinquapcnam]
774 4072 815 4122 On
893 4077 903 4104 ⁴
921 4074 1018 4141 ibidus]
1038 4076 1075 4125 At
1089 4078 1143 4127 first
1154 4079 1254 4129 written
1266 4083 1365 4149 eisdem,

314 4167 346 4201 an
361 4167 468 4213 erasure,
485 4154 534 4201 and
552 4151 651 4201 written
670 4152 815 4215 quinquuyi-
858 4154 903 4202 but
932 4157 1019 4204 erased
1050 4157 1100 4205 aud
1132 4174 1196 4207 corr.
1225 4159 1252 4207 in
1281 4177 1364 4229 marg.

314 4247 384 4278 mana.
859 4231 971 4283 Omitted
983 4233 1007 4281 in
1019 4233 1105 4283 Floras
1116 4235 1183 4286 Hr'st.

345 4309 356 4340 2
374 4308 459 4374 triam]
473 4308 500 4357 A
510 4309 589 4357 blank
600 4323 674 4373 space
686 4309 708 4358 is
719 4309 764 4358 left
776 4311 815 4358 sor
891 4311 901 4342 ⁶
919 4313 1117 4380 r'ucompurabilc]
1151 4316 1367 4383 incomparabile,

314 4391 364 4440 this
375 4391 445 4438 word
460 4389 487 4437 in
500 4388 542 4437 the
554 4387 619 4448 MS,
631 4387 712 4437 which
725 4388 745 4438 is
756 4404 814 4452 sup·
836 4430 838 4435 .
861 4391 915 4441 MS.

313 4471 381 4534 plied
392 4471 458 4518 thom
470 4468 554 4518 Floras
565 4467 633 4516 Hist.
835 4462 837 4469 ¹
891 4472 901 4501 ⁶
918 4472 1093 4539 ensuffluntur]
1115 4475 1264 4539 exuflantur,
1276 4479 1336 4531 MS.

345 4548 500 4608 ³olosericis,
522 4548 661 4614 campanis]
684 4554 709 4597 et
728 4546 838 4653 sericisp
891 4551 949 4600 ⁷122
983 4552 1060 4602 Terra
1100 4555 1207 4622 Sancta]
1262 4558 1367 4612 Interea

313 4629 585 4695 pernumeratum.
687 4671 689 4674 .
835 4631 1128 4694 sanotal'loresHist.
