3060 5468
354 688 396 751 52
477 693 643 749 ulmum
666 696 878 748 Psaramusrs
902 691 1066 744 maroam
1088 691 1288 743 lucrorum

186 892 256 946 nl).
271 881 389 946 lasset
411 874 447 940 in
469 897 548 962 agro
571 873 707 940 Domini
738 872 866 939 semina
896 871 1070 959 profutura
1092 873 1292 957 spargentes
1316 866 1402 931 fruc-

353 983 427 1043 tum
464 976 614 1043 fecerunt
650 975 895 1040 multiformem.
956 974 1010 1052 Et,
1050 978 1088 1037 ut
1126 971 1240 1036 fideles
1278 967 1403 1035 Christi

354 1079 491 1168 praemio
513 1083 619 1145 tantae
640 1079 758 1158 veniae,
774 1100 872 1164 quam
896 1078 930 1140 in
953 1077 1086 1163 negotio
1103 1074 1217 1140 Crucis
1232 1072 1404 1161 promitte·

354 1183 438 1247 bant
465 1202 560 1247 cruce
582 1180 773 1267 aignandis,l
796 1180 932 1245 minime
953 1179 1201 1254 frustrarentur,
1224 1174 1405 1242 secundum

355 1283 612 1370 uniuscujusque
657 1282 912 1369 possibilitatem
958 1280 1217 1367 redemptionem
1262 1277 1405 1362 benigne

355 1392 576 1474 stmceperunt,
610 1390 648 1451 ut
682 1407 781 1472 penes
815 1385 951 1450 Domini
984 1385 1110 1471 largam
1144 1379 1411 1469 munificentiam·

355 1487 534 1577 prompta²
547 1488 705 1553 voluntas
720 1487 877 1575 profacto
894 1491 1113 1573 reputaretur.
1146 1484 1407 1551 Considerarunt

356 1612 507 1677 namque,
523 1589 612 1677 quod
635 1590 796 1669 mulieres,
820 1591 962 1677 parvuli,
987 1589 1227 1664 valitudinarii,
1244 1608 1282 1651 ac
1297 1583 1407 1673 plebei

355 1714 514 1781 pauperes
537 1696 572 1758 et
594 1693 735 1758 inermes
761 1713 878 1778 parum
901 1696 1017 1757 contra
1038 1690 1223 1757 infidelium
1253 1687 1406 1753 multitu-

356 1795 467 1863 dinem
489 1796 685 1883 profloerent
707 1792 967 1861 communitam.l

547 2083 809 2171 Multiplicatar
830 2083 988 2182 infautia
1009 2084 1219 2152 Mellaria*

190 2241 247 2294 'rho
257 2243 286 2292 ill
401 2216 528 2284 Diebus
560 2240 690 2304 quoque
723 2218 785 2283 sub
817 2218 939 2283 eisdem
969 2219 1153 2284 Frethcrici
1186 2219 1275 2284 fama
1307 2219 1409 2304 coepit

189 2309 423 2383 ‘²²¹⁰0f‘h0non
445 2320 654 2386 mediocriter
677 2319 851 2408 denigrari,
869 2321 1040 2386 dominum
1062 2323 1149 2386 enim
1167 2320 1407 2397 Marcellinum,

153 2448 156 2454 ·
188 2391 310 2495 {affice
354 2421 542 2509 episcopum
564 2422 753 2502 Aretinum,
769 2423 988 2488 irreverenter
1010 2423 1120 2504 nimis,
1144 2425 1328 2511 postposito
1344 2423 1409 2488 Dei

187 2509 314 2629 &m
355 2525 475 2590 timore
508 2528 543 2590 et
576 2528 767 2611 contempta
802 2525 943 2591 ecolesiae
975 2527 1161 2605 sanctitate,
1185 2526 1306 2592 viliter
1329 2526 1410 2592 fecit

187 2645 326 2761 &aanor
356 2627 446 2691 trahi
469 2627 513 2692 ad
538 2626 734 2714 patibulum,
757 2627 793 2691 in
816 2649 854 2692 eo
877 2628 1112 2694 miserabiliter
1133 2629 1411 2716 smpendendum.

187 2725 334 2831 flonffig
356 2728 480 2795 Positis
519 2750 598 2794 vero
635 2729 837 2808 custodibus,
877 2753 914 2795 ac
952 2731 1065 2796 triduo
1104 2731 1271 2818 episcopus
1308 2729 1410 2797 furcis

187 2843 322 2963 impos
357 2831 504 2919 pendens
526 2832 684 2896 miserum
715 2832 938 2918 spectaculum
962 2839 996 2899 et
1019 2833 1085 2898 toti
1108 2833 1252 2899 ecclesiae
1274 2833 1412 2920 probro·

258 2927 297 2966 ¹0.

389 3018 486 3070 lcruce
520 3018 658 3085 amadeo]
712 3019 859 3085 Originally
905 3022 1011 3085 potentia
1038 3019 1221 3070 cwcervobcnt.
1258 3020 1331 3082 Quod
1357 3023 1413 3071 rim·

355 3098 455 3151 written
475 3100 539 3150 after
551 3100 740 3164 frustrarentur
751 3101 814 3163 (and
832 3115 859 3149 so
906 3099 1013 3164 plicibus
1042 3099 1169 3149 videbatur
1184 3101 1362 3151 inconveniens
1389 3109 1414 3151 ct

355 3178 443 3243 copied
462 3179 490 3229 in
512 3180 566 3244 a),
588 3181 635 3229 but
653 3180 757 3230 marked
780 3187 807 3230 to
828 3181 859 3229 be

355 3260 508 3323 mnapcted.

388 3335 398 3367 2
417 3336 546 3401 prompta]
566 3345 672 3400 promta,
683 3338 739 3388 MS.

390 3413 469 3463 ³cair
498 3415 644 3465 intendentes
661 3452 668 3466 .
686 3454 693 3466 .
712 3453 718 3465 .
735 3417 861 3465 commani-

359 3491 421 3557 raa]
440 3492 550 3542 Written
562 3509 595 3542 on
607 3509 623 3543 a
633 3494 705 3559 piece
725 3493 755 3542 of
767 3495 861 3543 vellum

359 3570 471 3621 manea
493 3573 566 3620 down
594 3586 656 3620 over
682 3571 725 3622 the
753 3570 862 3636 original

358 3655 421 3710 text,
451 3649 536 3699 which
564 3649 612 3699 has
648 3652 713 3701 been
746 3651 862 3715 partially

358 3730 454 3789 erased,
466 3731 512 3779 but
522 3744 569 3779 can
586 3730 618 3779 be
634 3728 693 3778 thus
704 3729 863 3793 deciphered,

358 3811 484 3878 diligenter
495 3812 551 3875 J'cm
562 3811 697 3875 quesmoem
707 3810 863 3871 intendentes,

360 3898 384 3939 cl
397 3906 446 3955 pro
464 3891 564 3955 repotiis
578 3889 667 3940 Crucis
683 3888 779 3938 multam
798 3890 864 3940 labo-

360 3977 452 4028 rantes,
468 3968 573 4018 homines
592 3970 755 4036 cujuscunque
778 3973 865 4020 claust

360 4064 440 4110 cerua,
468 4046 508 4096 vel
533 4047 681 4109 conditionis,
704 4050 771 4097 immo
793 4051 864 4099 eliam

360 4126 554 4188 ucbtadiacrioa,
590 4144 661 4177 cruce
701 4129 865 4194 apparerent,

359 4206 513 4272 predicando
524 4214 549 4256 et
558 4222 634 4270 usque
642 4207 795 4271 adstructam
806 4226 865 4257 ruu-

360 4286 489 4336 ct'tadiacm
505 4284 656 4336 clamitando.
695 4286 781 4337 Sedia
797 4305 865 4338 crac·

361 4367 418 4427 tino,
440 4365 479 4416 vel
499 4367 656 4416 incontinenti
684 4384 732 4431 pro
764 4377 865 4433 quanto·

360 4461 456 4509 cunque
469 4447 551 4511 pretio
568 4461 662 4494 cracem
681 4448 864 4512 reaccipicrrlea,

361 4527 470 4590 agrame
480 4541 498 4574 c
510 4533 562 4575 roto
569 4525 776 4590 pereprr'nutioaia
786 4527 864 4576 obsol-

361 4602 458 4665 vcbcnt,
469 4612 494 4654 et
502 4606 530 4653 in
540 4606 659 4655 mraric
676 4605 739 4670 (sic)
758 4603 864 4672 atcujus

909 3178 1045 3228 absurdum.
1058 3179 1096 3228 Et
1103 3176 1278 3247 erausffllatc
1287 3186 1324 3229 eet
1332 3179 1414 3230 mullo·

910 3275 962 3307 ram
993 3257 1092 3319 ἀιυοίὶο,
1114 3261 1173 3323 quia
1197 3262 1269 3324 quaet
1292 3277 1348 3309 ovea
1366 3277 1415 3326 pro

911 3337 1036 3388 velleribus
1055 3338 1256 3397 emundatorum
1280 3339 1343 3389 unde
1367 3357 1414 3390 aon

911 3419 1031 3467 minimum
1059 3417 1200 3468 scandalum
1227 3428 1265 3469 est
1291 3429 1415 3478 exortum

912 3512 973 3561 very
992 3496 1068 3547 much
1088 3512 1116 3546 aa
1136 3497 1162 3546 in
1182 3498 1213 3548 B.
1227 3498 1256 3548 C.
1269 3499 1321 3562 (ed
1334 3499 1415 3559 Wats,

912 3592 936 3640 p.
950 3578 1019 3639 766),
1039 3577 1083 3625 but
1103 3577 1155 3627 earl
1175 3577 1286 3627 Richard
1304 3578 1327 3628 is
1344 3578 1416 3629 there

913 3657 1003 3705 named
1022 3671 1049 3706 aa
1068 3656 1111 3706 the
1128 3673 1218 3720 person
1236 3656 1296 3708 here
1315 3659 1417 3709 alluded

913 3741 948 3796 to,
961 3735 1025 3784 ‘vho
1042 3736 1134 3799 reaped
1155 3736 1198 3785 the
1220 3736 1294 3799 profit
1316 3738 1347 3787 of
1365 3738 1417 3787 this

913 3815 1075 3865 mansuetior.

947 3894 957 3923 ⁴
976 3893 1031 3944 The
1051 3895 1298 3946 tvofirrtvordsof
1311 3896 1417 3947 thisru·

914 3972 969 4021 brie
981 3988 1022 4022 are
1034 3975 1141 4023 covered
1158 3990 1218 4024 over
1229 3976 1264 4039 by
1283 3975 1326 4025 the
1346 3976 1416 4040 piece

914 4052 944 4101 of
959 4053 1052 4102 vellum
1074 4069 1107 4103 on
1117 4054 1201 4104 which
1220 4054 1263 4105 the
1282 4057 1418 4122 preceding

915 4133 1054 4184 correction
1071 4134 1117 4184 has
1136 4137 1199 4185 been
1215 4136 1295 4186 made.
1330 4137 1417 4187 Inthe

914 4211 1013 4279 margin
1025 4212 1086 4271 also,
1094 4214 1239 4277 oppositeto
1247 4214 1299 4264 thia
1306 4213 1416 4280 chapter,

914 4291 937 4341 is
945 4292 1052 4354 written,
1064 4299 1078 4320 “
1088 4294 1180 4355 Vacat,
1192 4295 1310 4359 quiahoc
1322 4295 1418 4358 priua,''

914 4374 1022 4437 namely,
1041 4374 1068 4422 in
1088 4374 1131 4423 sol.
1147 4380 1201 4435 144,
1213 4376 1259 4424 but
1274 4374 1417 4439 differently

913 4451 984 4502 there
1027 4453 1130 4503 related.
1182 4454 1230 4504 See
1264 4454 1410 4518 previously

913 4546 936 4593 p.
950 4539 989 4582 45.
