3060 5468
345 725 392 778 nu
414 726 572 778 rsnroau
594 727 695 777 euers
719 726 864 777 sanarer
886 725 1009 775 rsuru.
1139 709 1203 780 267

153 903 291 973 quicum
316 922 333 959 a
356 904 471 976 capella
496 908 625 960 traxerat
648 905 805 970 violentem
835 903 886 958 ubi
911 905 1141 973 circumquaque
1167 899 1204 954 ab
1216 904 1285 955 Ab.
1299 909 1371 954 1232.

153 988 364 1044 excubantibus
395 989 582 1045 strictissime
613 989 777 1044 custoditus
806 994 860 1044 est.
903 988 1035 1061 Eligitur
1060 984 1204 1057 magister
1215 984 1292 1036 taken
1305 984 1372 1034 back

153 1071 302 1128 Johaunes
321 1073 457 1128 Blandus
475 1074 506 1128 in
525 1073 780 1145 archiepiscopum
805 1072 1057 1137 cantuariensem,
1078 1070 1129 1142 qui
1147 1069 1204 1123 Ro·
1216 1061 1242 1103 ²⁰
1253 1051 1296 1102 ‘¹¹⁹

154 1174 232 1211 mam
251 1196 258 1211 .
280 1196 287 1210 .
307 1197 314 1211 .
333 1158 527 1214 confirmaret.
566 1157 714 1214 Concessa
735 1164 781 1214 est
803 1158 869 1229 regi
893 1175 947 1229 pro
965 1156 1071 1212 debitis
1090 1155 1202 1210 solven·
1215 1120 1340 1237 mehe

154 1241 209 1306 dis,
224 1241 332 1312 quibus
352 1281 528 1298 .......
548 1243 630 1313 regis
642 1243 714 1308 xvi„
735 1243 920 1314 iumagnum
931 1242 1092 1297 multorum
1105 1240 1204 1310 damp-
1216 1267 1268 1302 ,m
1279 1267 1338 1315 0⁸1>-

154 1345 225 1381 num
243 1333 274 1381 et
298 1326 525 1394 detrimentum
557 1327 635 1382 unde
661 1346 714 1383 nec
738 1345 867 1399 unquam
894 1344 1030 1398 regnum,
1051 1325 1128 1380 sieut
1150 1319 1294 1379 neotured.

155 1429 191 1465 ex
216 1410 283 1466 aliis
310 1411 458 1482 presidiis
486 1412 552 1483 regi
579 1411 731 1483 impensis,
751 1412 870 1482 aliquod
898 1411 1029 1481 suscepit
1053 1408 1102 1464 vel
1130 1408 1205 1463 exile

156 1490 388 1550 incrementum.¹
426 1494 508 1550 Obiit
532 1494 715 1566 Ranulphus,
744 1514 841 1551 comes
870 1495 1003 1560 cesana,
1032 1492 1111 1566 apud
1136 1493 1205 1548 Wa-
1217 1491 1299 1543 Death
1314 1491 1343 1542 of

155 1578 312 1650 lingeford,
344 1578 429 1650 eujus
460 1579 576 1634 viscera
604 1579 714 1634 ibidem
745 1587 814 1635 sunt
839 1581 963 1650 sepulta,
996 1596 1102 1650 eorpus
1133 1595 1204 1631 vero
1217 1559 1344 1622 Rfflll'h’

157 1663 304 1719 Castriam
322 1663 454 1718 defertur
472 1662 687 1718 tumulandum.
727 1663 876 1719 Successit
901 1670 1001 1719 autem
1021 1703 1027 1717 .
1050 1704 1056 1716 .
1076 1703 1083 1717 .
1107 1703 1113 1716 .
1135 1661 1205 1716 Sco·
1216 1626 1321 1744 ‘cafflr

156 1755 263 1803 torum.
309 1748 433 1818 Propter
463 1748 519 1802 hcc
549 1753 742 1818 cognomento
774 1748 878 1803 Scotus
909 1747 1068 1804 dicebatur.
1118 1745 1204 1801 Alius
1322 1729 1328 1743 ¹

155 1837 255 1888 autern
269 1870 367 1888 .....
381 1833 521 1903 suscepit.
559 1831 851 1889 Hubertusinarcto
861 1833 985 1904 positus,
999 1831 1119 1886 inturri
1131 1831 1206 1885 Lon·
1217 1823 1316 1873 Hubert

155 1917 309 1973 doniarum
327 1935 439 1972 morsm
463 1917 634 1973 continuans
659 1916 803 1971 diutinam
829 1917 1019 1988 compeditus,
1045 1915 1205 1971 multorum
1216 1891 1247 1940 de
1258 1887 1347 1992 {3⁰3¹}

156 2002 245 2057 corda
262 2002 501 2073 compatientium
520 2001 608 2056 corda
626 2002 798 2066 cruentavit,
814 2001 864 2071 qui
882 2000 961 2071 regis
973 1999 1205 2055 misericordiam
1218 1971 1335 2085 ffinffl

156 2105 210 2157 pro
228 2088 291 2156 ipso
309 2086 491 2157 rogitabaut;
513 2083 564 2140 sed
582 2085 677 2139 adhuc
689 2102 746 2139 non
765 2094 834 2140 sunt
846 2085 983 2140 exauditi.
1023 2084 1205 2155 Suggestum
1217 2089 1243 2137 iu
1255 2089 1298 2138 the

157 2187 281 2241 namque
299 2171 365 2241 regi
384 2171 488 2234 fuerat,
509 2169 587 2240 quod
612 2169 765 2224 Hubertus
788 2186 846 2223 non
869 2169 1016 2224 modicum
1034 2169 1205 2223 thesaurum
1218 2156 1315 2206 TW·

157 2254 299 2310 habuerat
316 2254 482 2325 depositum
508 2253 585 2324 apud
612 2253 730 2307 Novum
757 2252 913 2325 Templum
937 2252 1104 2308 Londoniis.
1142 2251 1205 2307 Rex

159 2381 165 2393 .
188 2379 195 2393 .
217 2379 224 2392 .
243 2357 305 2394 sua.
341 2339 410 2394 Hiis
429 2339 471 2393 ita
489 2338 583 2409 gestis
603 2377 611 2392 .
632 2374 640 2391 .
661 2377 669 2392 .
687 2337 827 2402 diceutes,
849 2336 956 2405 “Quid
971 2336 1066 2392 adhuc
1084 2354 1205 2408 egemus

159 2423 307 2478 testibus?
344 2422 535 2477 Convincitur
548 2463 555 2477 .
570 2463 576 2476 .
592 2462 598 2475 .
614 2422 808 2494 .respoudeat
826 2421 1070 2486 accusationibus,
1085 2428 1119 2476 ut
1138 2461 1146 2477 .
1166 2462 1174 2476 .
1197 2461 1204 2476 .

158 2509 295 2564 existat.”
332 2508 416 2577 Quod
434 2517 464 2563 et
482 2509 592 2563 factum
611 2508 705 2562 estin
724 2509 851 2564 crastino
870 2508 964 2565 sancti
982 2507 1112 2562 Martini.
1149 2507 1206 2562 Ubi

158 2611 226 2649 cum
245 2612 263 2648 a
280 2593 381 2649 multis
409 2592 541 2663 graviter
567 2600 763 2657 accusaretur,
786 2593 938 2664 respondit
961 2593 1010 2648 vel
1035 2593 1066 2647 in
1091 2593 1209 2664 propria
1245 2608 1271 2651 12
1285 2604 1352 2654 Nor.

161 2719 167 2731 .
190 2719 197 2732 .
218 2719 226 2732 .
246 2677 372 2732 fideliter
391 2696 480 2732 ausus
505 2684 551 2732 est
575 2683 653 2732 stare
681 2696 749 2732 cum
768 2696 811 2742 cc,
832 2685 893 2732 tam
921 2677 1072 2749 eleganter
1091 2683 1209 2747 tamque
1222 2694 1270 2743 Hi,
1282 2696 1324 2744 de-

158 2760 318 2832 prudenter
337 2761 471 2816 omnibus
491 2760 625 2815 articulis
644 2766 675 2815 et
687 2761 898 2832 objectionibus
917 2768 1019 2817 contra
1036 2779 1104 2816 eum
1122 2779 1209 2831 argu·
1222 2760 1299 2811 fonce.

159 2852 290 2902 mentose
316 2846 494 2917 compositis,
525 2844 603 2916 quod
628 2846 725 2916 palam
752 2864 853 2900 corum
879 2847 1014 2901 omnibus
1039 2846 1071 2900 in
1097 2846 1209 2901 cunctis

159 2931 304 2987 insontem
325 2949 356 2985 se
383 2930 526 3001 probavit.
574 2929 786 2985 Verumtamen
810 2947 877 2984 cum
902 2929 1022 2999 quidam
1043 2929 1208 3000 protervius

159 3016 271 3070 instans
300 3021 420 3070 voearet
454 3015 551 3084 ipsum
587 3020 719 3068 veterem
754 3009 958 3085 proditorem,²
987 3032 1054 3076 non,
1074 3013 1210 3084 permisit

159 3098 313 3154 Hubertus
331 3098 532 3162 Laurentium,
553 3096 624 3151 licet
648 3115 679 3152 sc
705 3102 838 3168 parasset
863 3096 1048 3168 respondere,
1069 3116 1121 3167 pro
1145 3097 1210 3168 ipso

158 3183 251 3255 loqui,
272 3182 324 3238 sed
350 3184 475 3253 ipsemet
502 3188 616 3236 erectus
635 3200 689 3251 pre
714 3200 746 3235 se
772 3181 931 3252 respondit,
952 3181 1061 3246 dicens,
1084 3180 1209 3236 “Vetus

159 3288 236 3332 sum,
265 3269 373 3323 etenim
402 3268 503 3332 senui,
535 3266 666 3338 proditor
700 3272 807 3331 autem,
836 3284 1029 3338 nequaquam.
1085 3265 1209 3322 Verum·

159 3363 259 3407 tamen
276 3352 332 3406 tibi
350 3352 380 3405 in
399 3351 562 3422 proditione
587 3348 738 3405 convicto³
761 3351 889 3422 peperci,
909 3369 977 3406 eum
994 3356 1023 3405 te
1043 3350 1209 3406 debuissem

161 3435 381 3507 suspendisse.”
418 3436 458 3490 Et
484 3434 610 3490 tundens
638 3440 750 3504 pectus,
770 3435 821 3499 ait,
851 3434 953 3489 “Mea
979 3434 1112 3506 culpa!”
1148 3433 1209 3489 Ad·

161 3519 309 3575 versarius
330 3520 423 3590 igitur
442 3519 492 3573 ille
512 3519 658 3574 obmutuit
676 3518 859 3574 erubescens.
898 3520 979 3574 Tunc
992 3537 1052 3584 rex,
1067 3519 1104 3574 ad
1122 3519 1208 3574 mise·

120 3646 127 3659 .
161 3604 319 3661 ricordiam
350 3604 517 3667 inclinatus,
544 3604 619 3658 dixit
645 3644 652 3657 .
686 3645 692 3658 .
727 3644 734 3658 .
766 3603 999 3659 stimularuntl”
1060 3604 1210 3659 Concessit

160 3691 254 3762 igitur
281 3707 428 3744 carcerem
454 3686 621 3741 liberiorem
649 3694 679 3741 et
708 3687 863 3742 mitiorem.
910 3687 950 3743 Et
977 3689 1085 3743 missus
1118 3685 1361 3758 [est]⁴110125fflt

160 3776 198 3830 ad
217 3779 345 3829 castrum
371 3772 407 3827 de
433 3772 561 3837 Divises,
582 3772 632 3826 ubi
660 3771 830 3842 aliquandiu
856 3790 1045 3838 commorans,
1064 3793 1123 3829 una
1142 3767 1301 3830 noc-tothe

160 3860 236 3915 tium
255 3877 322 3914 cum
350 3858 481 3912 audisset
507 3856 585 3927 quod
611 3857 792 3927 cogitaverat
818 3857 970 3930 episcopus
989 3859 1207 3925 Wintoniensis,
1222 3837 1341 3954 {megs

198 4100 204 4132 ¹
224 4101 264 4153 On
276 4104 318 4152 the
331 4103 406 4151 lower
414 4100 511 4166 margin
521 4101 551 4150 cf
557 4099 600 4149 fol.
612 4105 642 4148 63
651 4117 667 4147 α
689 4117 691 4129 ·
712 4100 820 4150 tionibus
842 4102 1014 4167 elemosinarii,
1026 4121 1081 4169 quaa
1093 4121 1143 4155 nou
1156 4114 1210 4156 tax·

162 4183 184 4232 is
196 4183 238 4233 tbe
254 4182 385 4246 following
404 4190 471 4243 note,
489 4181 570 4230 which
589 4196 667 4230 seems
713 4181 845 4231 abautur.'’

161 4271 188 4312 tc
225 4264 285 4312 bear
313 4262 439 4312 reference
469 4268 496 4310 to
527 4260 575 4309 this
604 4269 665 4311 tax:
745 4260 927 4328 2ρνοιὶίιονεηι]
948 4265 1002 4315 lbe
1019 4266 1067 4315 last
1080 4267 1150 4317 three
1161 4269 1211 4333 syl·

162 4343 209 4407 “tl
227 4343 331 4392 Summa
354 4342 456 4392 decima]
480 4341 591 4389 omnium
611 4356 666 4403 pro
713 4343 789 4392 lables
809 4343 873 4394 have
892 4346 955 4394 been
972 4348 1066 4408 erased,
1083 4349 1131 4397 aud
1148 4348 1212 4396 colu-

162 4429 284 4473 reatuum
318 4423 548 4481 ecclesiasticorum,
584 4437 667 4470 moue·
713 4422 780 4471 trum
801 4425 899 4474 written
917 4440 977 4474 over
994 4426 1035 4475 the
1056 4442 1147 4489 space;
1167 4429 1211 4475 but

164 4503 219 4552 ehis
237 4504 267 4552 dc
281 4503 374 4552 Sancto
386 4504 487 4552 Albano
499 4501 667 4565 appropriato·
713 4502 760 4551 this
772 4504 817 4552 bas
828 4505 881 4554 also
894 4506 955 4554 been
967 4508 1059 4556 erased.

162 4598 220 4632 rum
237 4583 303 4632 iufra
314 4584 420 4632 eundem
431 4582 667 4639 archidiaconatum,
745 4582 756 4613 ³
772 4585 893 4648 conante]
913 4585 1028 4645 convicti,
1039 4586 1095 4634 MS.

171 4661 254 4713 xxiiii.
267 4663 282 4712 l.
301 4662 325 4712 ii.
344 4664 367 4711 d.
385 4670 410 4711 et
427 4663 467 4714 ob.
485 4661 596 4723 exceptis
612 4675 667 4724 por·
746 4661 756 4691 ⁴
774 4662 822 4726 est]
843 4662 960 4725 Supplied
973 4664 1035 4712 from
1048 4663 1116 4714 Hiar.
1129 4665 1199 4730 Arpi.
