3060 5474
284 687 346 750 116
414 696 581 748 ultrum
603 693 815 748 statamusrs
838 692 1000 745 maroam
1022 693 1222 748 Aramaua.

115 986 184 1037 Μ).
198 990 271 1039 12⁵1.
701 968 749 1034 De
763 966 915 1054 fulgore.

116 1144 251 1197 messos
329 1125 455 1213 Fulgur
485 1124 603 1191 cecidit
637 1146 734 1212 super
764 1123 948 1189 thalamum
986 1122 1117 1210 reginae,
1152 1125 1188 1187 et
1220 1124 1333 1188 totum

116 1213 263 1329 :w‘fflff'
282 1228 448 1294 caminum
471 1227 628 1293 contrivit
650 1226 740 1314 apud
755 1224 1009 1306 Windelshores,
1034 1223 1088 1289 die
1110 1223 1216 1289 sancti
1240 1224 1336 1291 Dun-

118 1345 239 1462 wpgpor
283 1329 383 1408 stani,
405 1334 439 1395 et
462 1328 568 1394 multa
596 1329 716 1394 robora
741 1328 778 1393 in
804 1327 926 1393 foresta
949 1326 990 1391 de
1012 1324 1271 1405 Windelshores,
1303 1332 1337 1395 et

117 1426 150 1463 an
210 1447 217 1460 0

118 1477 235 1528 Albana.
284 1430 433 1496 homines
455 1436 490 1496 et
512 1452 627 1518 pecora
649 1430 777 1516 dejecit.
815 1430 860 1496 Et
883 1428 973 1516 apud
989 1428 1149 1494 Sanctum
1165 1428 1337 1494 Albanum

144 1543 256 1608 sauny.
286 1532 324 1597 in
354 1533 461 1598 tribus
494 1533 574 1598 locis
605 1533 736 1620 pariter,
772 1532 829 1597 sed
866 1553 934 1597 non
971 1530 1115 1596 multum
1154 1530 1337 1617 dampnum

287 1636 457 1723 irrogavit,
489 1638 547 1702 sed
584 1635 729 1702 omnium
764 1634 862 1701 eorda
894 1631 1094 1721 perterruit1
1116 1632 1340 1701 vehementer.

121 1749 275 1800 Inundstion
288 1737 425 1817 Iterum,
457 1739 571 1805 eodem
603 1759 698 1816 anno,
722 1743 869 1825 tempore
900 1735 1134 1822 aequinoctiali,
1156 1757 1247 1803 mare
1273 1742 1341 1804 ter·

122 1816 262 1868 ⁰fffi²⁵⁸³⁴
290 1841 395 1906 minos
435 1841 600 1906 transiens
642 1845 824 1919 consuetos,
865 1835 1033 1925 dampna²
1069 1837 1223 1903 finitimis
1272 1861 1340 1906 non

290 1943 428 2007 minima
449 1942 648 2029 generavit3
674 1942 774 2008 litora
795 1963 936 2027 namque
959 1963 1018 2029 per
1039 1962 1099 2007 sex
1121 1941 1243 2027 pedum
1267 1963 1341 2029 spa·
1449 2015 1453 2020 ,

289 2044 347 2124 tia,
369 2044 459 2110 ultra
481 2066 580 2130 quam
602 2066 749 2130 unquam
781 2043 890 2108 visum
924 2047 975 2108 est
1007 2043 1185 2131 praeteritis
1211 2048 1340 2131 tempo-

289 2145 382 2211 ribus
405 2146 538 2232 quando
560 2146 662 2211 etiam
686 2166 720 2210 se
743 2144 907 2224 dilatavit,
934 2144 1129 2210 terribiliter
1158 2147 1342 2232 occupavit.

123 2251 269 2317 't'hequoen
290 2248 336 2313 Et
357 2253 439 2314 tunc
461 2246 641 2336 temporis³
663 2248 778 2336 regina
802 2247 933 2327 Soociae,
955 2247 1070 2314 relicta
1084 2247 1241 2314 videlicet
1255 2249 1343 2338 regis

122 2318 278 2436 ffiffilmd
289 2351 484 2429 Alexandri,
514 2351 718 2439 repatriavit.

121 2450 203 2504 home.

571 2593 622 2660 Dc
644 2592 795 2680 quoram
817 2599 1058 2662 armamento.

123 2760 237 2814 Touma-
335 2750 380 2816 Et
403 2751 517 2816 eodem
540 2748 711 2836 tempore⁴
733 2749 822 2835 apud
846 2749 964 2814 Rotam
990 2751 1115 2817 factum
1138 2758 1189 2817 est
1211 2758 1344 2819 tornea-

123 2836 269 2947 ffiglffi
289 2859 439 2919 mentum
471 2851 646 2916 subdolum
679 2857 713 2917 et
745 2851 932 2917 aculeatum
964 2852 1052 2918 inter
1086 2853 1221 2942 Anglos,
1258 2877 1342 2942 quos

289 2954 485 3040 alienigenae
525 2953 597 3039 jam
641 2953 829 3019 deridentes
867 2958 1141 3042 contempserant,
1180 2961 1215 3021 et
1251 2957 1341 3044 ipsos

289 3051 420 3123 alienos.
467 3055 509 3119 In
533 3076 597 3140 quo
620 3056 756 3121 contriti
780 3060 861 3120 sunt
883 3058 1027 3142 turpiter
1050 3058 1250 3145 alienigenae,
1275 3059 1341 3124 dis-

289 3157 389 3247 sipati
412 3161 446 3224 et
468 3156 629 3245 effugati,⁶
663 3158 711 3222 ita
743 3161 784 3224 ut
815 3158 970 3244 probrose
994 3158 1160 3246 fugientes
1186 3160 1229 3225 ad
1260 3161 1341 3226 civi-

289 3265 394 3326 tatcm
432 3261 542 3347 gratia
578 3259 707 3345 refugii,
749 3260 920 3346 armigeris
962 3261 1095 3326 obviam
1136 3262 1341 3329 irruentibus

287 3361 409 3426 iterum
432 3362 566 3447 recepti,
590 3363 756 3447 prostrati,
780 3363 921 3449 spoliati,
945 3369 980 3428 et
1002 3365 1130 3451 egregie
1159 3364 1284 3430 baculis
1306 3372 1342 3431 et

288 3463 391 3528 clavis
413 3463 603 3549 palluerunt
626 3464 780 3530 malleati.
820 3464 866 3528 Et
887 3464 1099 3550 insequentes
1120 3465 1243 3532 milites
1265 3488 1340 3532 cum

288 3586 388 3651 supra
410 3566 508 3630 dorsa
531 3586 642 3630 eorum
663 3565 887 3644 fabricassent,
902 3567 946 3631 ad
962 3572 1080 3632 votum
1101 3567 1201 3633 ditati
1221 3568 1341 3634 trium-

288 3666 442 3755 pharunt.
489 3667 536 3732 ut
558 3667 604 3732 sic
626 3667 722 3746 ictus,
746 3689 827 3754 quos
849 3667 1008 3752 injuriose
1031 3668 1067 3733 in
1089 3669 1342 3737 torneamento⁰

288 3775 486 3855 receperant,
520 3768 741 3854 multiplicato
775 3769 901 3835 foenore
939 3770 1162 3837 reddiderunt.
1225 3771 1342 3839 Crevit
1469 3834 1477 3844 .

289 3870 395 3954 igitur
427 3871 477 3935 ira
509 3876 544 3935 et
579 3871 692 3936 odium
718 3872 808 3936 inter
839 3872 967 3958 Anglos
993 3878 1028 3938 et
1058 3874 1268 3961 alienigenas,
1305 3882 1341 3942 et

289 3970 406 4035 diatim
430 3973 610 4037 successive
632 3972 842 4038 formidabile
865 3976 1009 4062 suscepit
1031 3976 1279 4043 incrementum.

289 4127 403 4137 —v——-··
810 4132 1093 4141 -m———n---m
1099 4136 1133 4140 —.
1140 4135 1218 4141 ..-.-
1226 4135 1289 4141 --.-.
1295 4135 1341 4142 ...Μ

323 4205 330 4237 ¹
344 4207 494 4272 perterruit]
515 4208 660 4272 perterruit,
672 4208 728 4260 MS.
865 4210 876 4242 ⁵
893 4211 1016 4279 effugata]
1036 4213 1142 4280 magati,
1155 4213 1211 4265 MS.

321 4285 332 4317 ²
349 4286 466 4352 dampna]
486 4290 577 4352 dapne,
589 4287 644 4339 MS.

321 4364 331 4397 ³
350 4365 382 4415 In
394 4367 434 4427 B,
445 4368 513 4417 m'rca
526 4369 622 4432 festum
641 4367 725 4415 suncti
734 4365 791 4416 Mt·
868 4368 879 4400 ⁶
896 4371 1071 4436 torneamento]
1092 4379 1259 4431 tornamento,
1281 4372 1341 4426 MS.

288 4443 381 4495 cloelia
391 4446 436 4510 [29
451 4446 544 4511 Sept}
835 4447 866 4498 In
887 4448 928 4512 B.¹
947 4457 1109 4501 torneamento
1127 4450 1156 4500 dc
1175 4450 1340 4518 BrackepeJ.

319 4525 377 4573 ⁴In
406 4525 445 4587 B,
476 4526 500 4573 in
522 4525 592 4588 fieta
622 4522 793 4590 conceptionis
837 4526 876 4579 cf.
898 4529 936 4578 ed.
955 4529 1037 4592 wate,
1057 4545 1081 4594 p.
1106 4532 1154 4582 768
1177 4531 1272 4594 (under
1295 4532 1338 4583 the

286 4603 363 4654 beata
380 4602 489 4670 Virginis
504 4602 633 4668 [sDec.].
800 4649 802 4653 ,
837 4620 898 4672 year
911 4610 997 4673 1249).
