3060 5474
319 701 384 764 110
443 712 608 764 usurum
629 711 845 764 rameruusn
867 709 1034 765 maroam
1055 709 1257 765 ruoaoauu.

148 1003 216 1054 ao.
232 1010 305 1056 1251.
464 989 580 1058 Abbaa
603 987 841 1057 cluniacensia
862 988 957 1057 acuit
978 989 1022 1057 ia
1043 989 1225 1076 Aaplc'am.

150 1149 293 1201 meabant
362 1141 488 1207 Diebus
525 1142 588 1207 sub
626 1141 750 1207 eisdem
787 1141 889 1209 abbas
927 1142 1155 1210 Oluniacansis
1193 1143 1288 1210 venit
1336 1144 1374 1210 in

147 1216 273 1334 ffluffl
316 1243 482 1331 Angliam,
517 1244 751 1310 monachorum
793 1266 929 1311 suorum
962 1245 1125 1325 visitator,
1154 1246 1290 1313 Ordinis
1323 1268 1375 1313 re·

149 1348 232 1400 Order
242 1351 269 1400 in
318 1345 485 1424 formator,
508 1351 543 1412 et
565 1345 712 1433 pecuniae
735 1346 867 1413 sedulus
890 1347 1118 1434 investigator.
1164 1348 1211 1414 Et
1233 1349 1314 1414 dum
1336 1349 1374 1414 in

148 1414 274 1481 Engunu
316 1448 515 1536 anglicanis
551 1449 703 1537 partibus
739 1448 946 1529 moraretur,¹
978 1451 1113 1537 quidam
1146 1451 1290 1519 confines
1321 1451 1374 1518 eui

316 1551 352 1616 iu
385 1551 612 1616 ultramarinis
642 1551 794 1637 partibus
831 1574 890 1617 sua
919 1553 1071 1639 quaedam
1100 1557 1210 1619 costra
1246 1553 1375 1640 [oum]²

316 1652 527 1740 pertinentiis
541 1652 737 1719 infestantes
752 1658 973 1742 occuparunt;
996 1654 1083 1721 unde
1100 1655 1248 1742 oportuit
1262 1655 1373 1743 ipsum

315 1755 514 1822 festinanter
535 1777 687 1822 remeare.

448 2009 537 2079 Noto
557 2007 771 2079 mucra
792 2006 832 2076 dc
854 2005 985 2083 mabar
1007 2014 1231 2079 acroama.

147 2191 292 2247 Thebana
357 2174 428 2239 Sub
451 2173 597 2260 ejusdem
620 2172 701 2237 anni
724 2171 853 2252 circulo,
876 2192 951 2237 oum
973 2171 1263 2240 consummatum⁸
1284 2174 1369 2243 liris·

146 2259 267 2377 ffiwd
311 2280 362 2342 set
378 2276 543 2363 quoddam
566 2275 760 2363 opusculum
782 2279 958 2341 structurae
979 2274 1128 2362 lapideae,
1139 2275 1243 2361 juxta
1257 2277 1367 2365 majus

145 2393 278 2443 monerer
312 2379 416 2443 altare
438 2377 553 2444 Sancti
568 2376 703 2458 Albani,
719 2377 755 2441 in
778 2380 873 2464 parte
896 2376 1019 2443 scilicet
1040 2379 1190 2458 australi,
1205 2401 1278 2446 ossa
1299 2381 1366 2447 fra

145 2458 402 2576 mmmm
424 2485 630 2546 mortuorum
645 2479 682 2543 in
705 2479 876 2560 cimiterio,
900 2479 958 2566 qui
980 2480 1023 2546 ad
1044 2501 1124 2548 xxx
1148 2481 1365 2549 aestimaban·

145 2590 278 2643 lectedto-
312 2587 371 2648 tur
392 2582 523 2659 ibidem,
548 2587 682 2648 centum
716 2581 770 2646 vel
803 2587 923 2666 quater
954 2604 1010 2648 xx.
1034 2583 1130 2648 annis
1164 2584 1201 2650 in
1232 2586 1364 2652 sarcho-

144 2657 294 2788 {fflffil
313 2685 396 2772 fagis
420 2683 661 2751 tumulatorum
687 2683 873 2764 transactis,
901 2682 1078 2770 diligenter
1104 2690 1185 2752 sunt
1213 2687 1521 2770 collecta3f01.1⁵2a

145 2793 250 2844 aaut.
313 2793 357 2866 et,
378 2789 466 2855 facto
489 2787 632 2875 quodam
668 2808 746 2851 arcu
779 2785 817 2850 in
840 2807 935 2851 muro
957 2784 1146 2866 forinsecus,
1170 2789 1265 2874 quasi
1287 2790 1364 2857 the·

312 2911 428 2957 saurus
450 2895 529 2955 sunt
551 2889 695 2977 reposita
717 2887 890 2974 pretiosus.
926 2886 1153 2968 Quorumdam
1176 2891 1265 2956 enim
1288 2911 1364 2958 ossa

311 2995 451 3062 inventa
480 2997 559 3057 sunt
581 2993 688 3057 instar
709 2990 818 3056 eboris
844 2989 1030 3066 candentia,
1054 2996 1087 3056 et
1109 2991 1146 3056 in
1167 2991 1364 3081 fragmentis

144 3100 300 3157 Mervellous
312 3097 511 3174 candidiora,
534 3099 569 3161 et
602 3094 698 3181 quasi
730 3093 791 3158 lita
822 3092 970 3158 balsamo
999 3092 1190 3160 redolentia
1237 3095 1364 3163 Calcia-

143 3171 275 3299 ltdetdedda.
311 3198 524 3267 messtorum⁴
545 3198 682 3284 insuper
713 3195 903 3261 eorumdem
937 3194 1034 3262 soleae
1067 3196 1216 3284 integrae,
1240 3198 1290 3264 ita
1323 3204 1363 3265 ut

144 3300 198 3379 ⁶⁰¹3
211 3303 241 3352 Οἵ
311 3303 505 3369 viderentur
527 3300 635 3366 adhuc
656 3297 854 3388 pauperibus
877 3296 1065 3384 profuturae.
1113 3298 1197 3380 Quae
1212 3299 1249 3365 in
1269 3305 1363 3367 ante·

143 3367 293 3490 ssfflflf}
311 3404 391 3469 riori
424 3408 528 3490 parte,
549 3402 634 3468 sicut
667 3402 704 3465 in
736 3400 917 3487 posteriori,
940 3401 1101 3480 rotundae,
1136 3406 1179 3480 et,
1215 3403 1362 3488 corrigiis

310 3505 443 3587 insutis,
476 3505 512 3568 in
546 3502 687 3569 circuitu
722 3502 970 3590 circumseptae;
1002 3506 1037 3567 et
1071 3503 1361 3570 calciamentorum

310 3609 479 3697 superiora
501 3605 648 3693 corrigiis
681 3604 918 3691 circumligata
964 3604 1011 3672 Et
1031 3604 1115 3670 talia
1139 3605 1273 3674 fuerant
1295 3609 1362 3673 cal-

310 3713 484 3791 ciamentu,
504 3715 545 3778 ut
575 3707 772 3775 viderentur
794 3707 1034 3774 'indifferenter
1064 3712 1135 3773 tam
1166 3709 1228 3774 uni
1257 3733 1360 3798 quam

309 3815 405 3881 alteri
428 3812 568 3902 pedibus
591 3811 768 3878 convenire
779 3837 788 3894 ;
811 3815 846 3877 et
868 3810 990 3897 aliquae
1012 3810 1228 3899 corrigiarum
1251 3813 1361 3881 adhue

309 3921 535 4004 apparuerunt
556 3915 705 4001 integrae,
729 3913 826 3978 acin
857 3912 1046 3979 substantia
1076 3923 1110 3980 et
1133 3912 1247 3994 colore,
1270 3915 1361 3981 etsi⁵

309 4020 409 4084 robur
431 4040 499 4084 non
520 4014 747 4084 retinuerint⁰
768 4016 987 4104 primitivum,
1003 4016 1210 4104 incorruptae.
1258 4016 1357 4099 Quod

342 4290 808 4358 ¹nararetur]1ntherextmora...,
884 4288 1356 4357 ‘cummarmmsstepatedagain

307 4374 368 4427 with
379 4389 411 4425 an
423 4386 522 4425 erasure
535 4369 565 4421 of
577 4384 648 4422 some
659 4369 751 4431 lettera,
762 4369 809 4418 but
852 4367 914 4420 alter
926 4370 1032 4435 insuper,
1044 4371 1093 4419 and
1103 4369 1163 4421 then
1173 4370 1261 4422 struck
1272 4380 1317 4422 out
1328 4371 1356 4421 in

307 4471 371 4506 corr.
384 4454 410 4503 in
421 4467 499 4515 marg.
852 4447 895 4499 the
905 4448 959 4500 first
970 4448 1088 4501 instance.

339 4534 433 4599 lcum]
454 4530 573 4596 Supplied
583 4529 649 4579 from
659 4527 691 4580 B.
887 4527 973 4593 Μία]
992 4527 1039 4578 etsi
1050 4543 1111 4589 nou,
1122 4527 1181 4579 Ms.

340 4605 809 4677 ³conumnaam]consumatum,Ms.
888 4605 898 4638 ⁶
915 4607 1073 4673 retinuerint]
1092 4607 1231 4671 retineriut,
1242 4608 1299 4662 MS.
