3060 5468
308 700 372 768 178
387 713 554 765 samum
576 712 789 762 eisarnam
810 710 1041 762 ansnmnno
1067 709 1334 762 onaomoonms

307 890 359 946 ubi
387 888 536 944 Walterus
571 887 660 951 Tirel,
699 886 886 957 aroubajulus
925 887 1006 957 regis
1042 893 1073 942 et
1107 887 1204 951 miles,
1234 888 1359 943 natione

307 973 446 1037 Neuster,
477 989 544 1025 cum
574 976 667 1025 staret
701 969 738 1024 ad
773 970 889 1024 tristam
918 970 1063 1026 accubans
1093 970 1210 1026 cuidam
1244 971 1359 1037 arbori,

308 1064 411 1112 tenens
438 1072 538 1110 areum
563 1060 712 1110 extentum
737 1072 804 1110 cum
830 1054 949 1126 sagitta,
976 1072 1044 1110 eum
1070 1054 1134 1126 jam
1164 1054 1361 1125 pertransiret

309 1158 424 1206 cervus,
443 1139 485 1194 ait
508 1157 560 1194 rex
582 1138 684 1203 iratus,
706 1141 725 1164 ‘⁴
735 1137 840 1203 '1¹rahe,
867 1138 991 1204 diabole,
1011 1138 1105 1204 nahe,
1124 1137 1258 1204 diabole;
1284 1139 1361 1210 quid

310 1225 388 1280 enim
414 1220 585 1279 moraris?”
633 1223 702 1295 Ipse
725 1221 818 1292 igitur
844 1223 930 1278 miles
954 1223 997 1278 sio
1020 1222 1208 1296 redargutus,
1238 1224 1361 1280 trabere

311 1308 468 1364 festinavit
511 1306 595 1362 Unde
614 1307 857 1378 incircumspecte
875 1306 984 1362 emissa
1001 1307 1111 1378 sagitta
1128 1325 1164 1362 ex
1181 1307 1303 1379 obliquo
1320 1307 1362 1363 ad

311 1391 456 1465 quandam
483 1391 617 1446 arborem
643 1407 824 1461 repercussa,
844 1397 947 1461 peetus
966 1395 996 1446 et
1013 1408 1064 1446 cor
1088 1391 1169 1462 regis
1187 1391 1361 1463 perforavit

311 1475 395 1547 Quod
412 1483 443 1531 et
459 1475 562 1531 beatus
579 1474 612 1530 in
629 1474 696 1530 visu
713 1481 853 1531 nocturno
870 1474 1023 1530 manifeste
1041 1475 1237 1531 consideravit
1252 1476 1363 1531 Ansel·

311 1558 397 1615 mus.¹
432 1557 540 1614 Merito
557 1565 666 1622 autem,
685 1557 748 1613 Deo
767 1564 797 1614 et
818 1558 926 1613 sanetis
944 1558 1018 1628 ejus,
1038 1576 1112 1631 quos
1137 1558 1262 1626 laeserat,
1283 1559 1363 1615 ulto-

311 1645 404 1709 ribus,
423 1643 455 1698 in
479 1642 575 1698 medio
592 1642 747 1713 injustitias
766 1660 826 1696 suae
844 1641 918 1698 obiit
944 1642 1041 1697 subito
1065 1643 1233 1714 sagittatus,
1252 1643 1363 1699 nobili·

312 1729 367 1785 bns
387 1746 523 1800 nequam,
551 1727 713 1782 humilibus
737 1727 869 1797 nequior,
888 1725 944 1781 sibi
968 1727 1176 1797 nequissimus.
1211 1727 1362 1784 Defuncto

311 1815 411 1886 itaque
429 1830 501 1884 rege
518 1812 677 1877 Willelmo,
697 1816 727 1866 et
749 1811 826 1882 apud
844 1810 1024 1866 Wintoniam
1048 1812 1171 1884 sepulto,
1190 1829 1258 1868 oum
1275 1830 1362 1883 mag·

312 1903 395 1952 nates
413 1896 530 1967 Anglia)
560 1895 632 1967 quid
659 1893 806 1966 agendum
829 1894 1007 1964 ignorarent,
1027 1895 1188 1950 nescientes
1217 1894 1290 1967 quid
1309 1912 1360 1951 ao-

313 1981 436 2037 oidisset
465 1978 533 2035 duei
560 1979 798 2034 Normannorum
827 1977 966 2044 Boberto,
997 1979 1078 2051 regis
1105 1978 1236 2036 defuncti
1271 1978 1360 2034 irata-i

147 2061 262 2113 Eleetion
274 2061 519 2137 osprimogenito,
550 2063 713 2120 timuerunt
730 2062 782 2118 din
803 2061 866 2117 sine
892 2069 973 2118 certo
995 2081 1066 2135 rege
1084 2063 1234 2120 vacillare.
1272 2061 1360 2133 Quod

148 2128 271 2195 Heml·
313 2149 472 2212 Henrieus,
503 2148 628 2202 fratrum
656 2148 789 2212 ultimus,
820 2163 888 2201 cnm
923 2147 1130 2218 cognovisset,²
1160 2145 1360 2220 congregata'

314 2230 472 2288 Londoniis
501 2231 639 2285 universa
663 2230 780 2301 angliae
807 2230 1007 2293 universitate,
1035 2232 1157 2289 statuam
1183 2250 1271 2289 suurn
1296 2243 1361 2287 tan·

315 2333 403 2389 quam
421 2314 518 2369 virum
536 2313 717 2376 bellicosum,
730 2313 912 2378 iracundum,
928 2314 1009 2386 pacis
1026 2315 1162 2387 ignarum
1180 2315 1360 2387 dampnavit,

316 2399 446 2470 seipsum
481 2403 619 2467 tanquam
648 2395 812 2468 pacificum,
840 2397 955 2467 justum
984 2404 1015 2454 et
1043 2406 1238 2465 mansuetum,
1269 2406 1361 2471 atque

315 2481 416 2554 populi
442 2480 561 2551 Angliae
587 2496 703 2550 semper
728 2485 888 2535 amatorem
916 2481 1116 2540 collaudando.
1161 2482 1238 2540 cnm
1266 2482 1362 2555 igitvn·

314 2572 382 2639 post
407 2564 516 2620 multas
544 2562 613 2618 boni
637 2562 845 2634 promissiones
871 2582 959 2635 super
977 2567 1148 2640 evangelia⁴
1171 2567 1302 2637 jurasset
1328 2583 1362 2621 aa

314 2650 405 2706 bonas
428 2649 511 2720 leges
537 2653 786 2712 conservaturum,
806 2647 945 2704 videlicet
972 2651 1065 2707 saneti
1088 2649 1225 2706 Edwardi
1242 2658 1274 2706 et
1298 2650 1363 2721 pio·
1385 2647 1498 2713 ,suu

314 2752 382 2790 rum
399 2749 505 2803 regum
523 2731 639 2802 Angliae
663 2731 860 2802 antiquorum,
879 2733 1030 2804 respondit
1056 2734 1232 2790 universitas
1249 2733 1363 2805 Anglo·

314 2835 391 2880 rum
411 2832 545 2871 asserens
564 2856 571 2868 .
591 2855 599 2870 .
620 2855 628 2870 .
648 2832 714 2885 qnae
731 2814 892 2870 floruerunt
909 2816 941 2870 in
963 2835 1055 2888 regno
1074 2824 1203 2889 tempore
1220 2816 1362 2872 Edwardi
1375 2823 1486 2877 ilasi

314 2902 405 2973 regis,
432 2918 486 2955 nec
504 2898 688 2971 patrissando
706 2899 904 2964 tiranniaaret,
924 2900 955 2954 in
975 2901 1073 2971 ipsum
1094 2900 1312 2967 consentirent,⁵
1330 2908 1362 2957 et
1377 2895 1433 2944 ¹⁷⁶·

314 2986 345 3040 in
363 3002 465 3057 regem
489 2985 681 3040 sullimarent.
718 2982 802 3052 Quod
822 2990 852 3039 et
869 2983 1022 3040 videbatur
1040 2987 1173 3042 omnibus
1191 2985 1360 3056 expediens,

314 3070 481 3142 praesertim
497 3086 564 3123 enm
582 3068 686 3122 absens
705 3074 735 3124 et
751 3067 837 3122 valde
855 3072 983 3123 remotus
1003 3068 1108 3125 fuisset
1126 3069 1184 3124 dux
1201 3070 1359 3134 Robertus,

314 3155 386 3209 licet
414 3154 499 3207 heres
535 3152 703 3223 legitimus;
739 3169 793 3206 neo
823 3159 951 3222 possent,
981 3153 1044 3208 sine
1074 3155 1198 3208 maximo
1228 3154 1362 3225 periculo

314 3238 410 3309 regni,
440 3235 550 3291 diutius
576 3242 737 3307 expectare.
776 3234 906 3290 Henrioo
933 3242 1030 3291 autem
1057 3238 1119 3293 boeo
1149 3238 1247 3293 omnia
1274 3238 1361 3293 vultu

316 3321 503 3377 serenissimo
528 3326 559 3375 et
587 3320 676 3376 alacri
701 3320 884 3386 concedente,
912 3327 942 3376 et
971 3323 1128 3395 multiplici
1153 3342 1187 3380 ao
1217 3322 1362 3394 solempni

312 3405 479 3475 juramento
491 3403 662 3469 affirmante,
676 3408 861 3458 consecratus
880 3408 925 3458 est
937 3443 1109 3463 .......
1127 3405 1360 3477 gubernandum.
1375 3404 1498 3458 Ibidis:

315 3488 402 3552 Item,
422 3486 614 3543 maledixerat
639 3492 722 3557 pater
740 3487 876 3551 Roberto,
899 3494 929 3543 et
953 3489 1148 3561 primogenita
1174 3491 1288 3548 meritis
1313 3491 1363 3547 ab·

316 3573 440 3630 stulerat
457 3572 652 3643 exigentibus.

149 3683 275 3752 Harrhge
351 3687 469 3735 stow.
506 3679 578 3744 Rex,
598 3677 745 3733 Henrieus
763 3678 789 3733 I.
809 3679 972 3746 Matildem,
992 3683 1083 3738 filiam
1109 3685 1189 3756 regis
1208 3685 1363 3741 Sootorum

149 3751 285 3818 0ffl‘nfy·
316 3764 476 3830 Maloolmi,
508 3763 592 3820 duxit
621 3764 652 3819 in
677 3779 807 3818 uxorem.
851 3764 922 3832 Quas
951 3768 1112 3837 patrissans
1137 3776 1168 3826 et
1191 3771 1364 3826 matr'issans

316 3849 441 3904 educata
452 3849 489 3903 ab
507 3848 630 3903 infantia
646 3847 678 3902 in
695 3847 824 3904 claustro
842 3851 1128 3918 sanctimonialium,‘
1138 3859 1179 3918 et,
1191 3861 1226 3910 ut
1243 3855 1364 3920 dicitur,

316 3931 382 3987 velo
413 3949 495 3986 sacro
521 3930 585 3986 Deo
615 3929 719 3997 dicata,
747 3931 842 3988 doluit
870 3935 949 4004 quod
978 3936 1029 3990 alii
1056 3954 1144 4007 quam
1169 3937 1233 3993 Deo
1262 3937 1366 3994 debuit

315 4014 500 4069 matrimonio
525 4012 676 4086 copulari.⁷
723 4013 782 4070 Sed
809 4034 859 4071 rex
883 4024 1002 4090 propter
1031 4021 1095 4091 ejus
1120 4039 1217 4076 mores
1244 4028 1275 4077 et
1299 4022 1366 4092 pul·

317 4097 513 4154 ohritudinem
541 4116 606 4154 eam
642 4098 784 4154 instanter
812 4103 978 4172 postulavit,
1011 4111 1040 4159 et
1068 4107 1204 4175 optinuit
1251 4105 1365 4162 Eodem

349 4267 357 4298 ¹
375 4265 516 4332 Ama]
535 4267 591 4316 The
602 4266 656 4317 first
670 4267 776 4335 syllable
792 4268 814 4319 is
896 4273 907 4305 ⁸
923 4275 1097 4341 evacuarent]
1116 4275 1274 4340 consentiret,
1285 4275 1344 4328 MS.

315 4363 348 4397 ⁰¹¹
359 4362 392 4397 ⁸⁰
403 4360 510 4436 ‘Q‘
673 4424 680 4438 ,
897 4381 908 4413 ⁶
923 4383 1154 4453 wmimoniotisn]
1169 4385 1365 4450 sanctiniolium,

348 4425 536 4490 meamus
555 4431 739 4490 annones
750 4425 806 4478 ns.
863 4461 920 4515 ns„

348 4507 358 4539 ³
375 4505 534 4572 meream]
553 4511 714 4570 congrega,
726 4504 783 4556 MS·

347 4588 449 4652 ‘super
471 4583 611 4651 evangelio]
632 4599 706 4651 super
730 4601 814 4637 evan·
897 4571 1048 4642 'Wlffl
1068 4574 1253 4640 fflpffisus·

314 4665 387 4730 gelin,
398 4665 465 4731 MS„
475 4681 509 4716 on
519 4680 553 4716 an
564 4679 672 4717 arsura
