3060 5468
332 722 380 772 on
401 722 570 772 rnuronn
592 721 694 772 nnsrs
716 722 871 786 nnnmcr,
893 723 960 775 vrz.
983 723 1108 775 runnu.
1179 713 1242 776 103

184 907 277 972 milia
299 912 334 972 et
358 906 511 994 amplius,
527 904 675 993 exceptis
697 905 881 987 submersis,
900 906 1060 995 fugitivis,
1077 907 1238 995 dispersis,
1251 901 1322 961 AD·
1336 911 1408 959 ¹2⁵1·

182 1016 217 1076 et
249 1011 296 1075 eis
319 1009 375 1096 qui
399 1030 433 1074 se
456 1009 547 1074 ultro
571 1007 723 1074 hostibus
744 1009 970 1091 reddiderunt,
993 1012 1051 1097 qui
1074 1009 1141 1076 cito
1164 1017 1239 1098 post

182 1116 422 1199 apostatarunt,
445 1114 480 1177 et
502 1112 576 1197 plus
598 1110 672 1176 eliis
693 1110 900 1178 nocuerunt.1

504 1392 650 1460 tamaio
668 1390 922 1477 redemptionis.

225 1550 362 1616 Summa
398 1549 635 1637 redemptionis
672 1548 760 1636 regis
794 1547 1004 1626 Francorum,
1036 1549 1131 1634 quasi
1163 1549 1234 1614 Deo

179 1654 273 1731 irato,
304 1675 371 1718 non
406 1654 550 1718 multum
584 1651 722 1717 dissidet
755 1674 776 1717 a
806 1673 945 1716 numero
976 1651 1232 1730 interfectorum,

179 1755 302 1821 scilicet
325 1755 500 1842 sexaginta
522 1755 614 1819 milis
640 1753 800 1819 librarum
831 1753 904 1817 auri
937 1752 1037 1839 primi
1060 1758 1095 1818 et
1129 1753 1234 1840 puris-

178 1856 261 1935 simi,
284 1856 431 1942 exoeptis
457 1855 531 1920 aliis
561 1855 707 1921 denariis
740 1854 978 1934 communibus,
1002 1853 1127 1920 scilicet
1149 1859 1232 1920 ster-

177 1958 277 2044 lingis
311 1957 557 2024 Turonensibus
595 1962 629 2023 et
667 1956 917 2033 Parisiensibus,
949 1957 1007 2042 qui
1039 1955 1083 2021 ad
1120 1956 1231 2023 infini-

177 2064 249 2125 tum
272 2081 446 2124 numerum
476 2058 665 2125 ascendunt.
712 2057 837 2124 Occisio
860 2057 973 2124 evenit
1003 2079 1091 2122 anno
1113 2058 1231 2144 gratiae

177 2176 322 2229 u0.oc⁰.n.
369 2159 566 2247 Redemptio
589 2158 741 2247 sequenti
771 2181 867 2237 anno,
892 2159 1024 2237 scilicet,
1047 2173 1231 2238 u⁰.cc⁰.L1⁰.,

177 2269 228 2329 est
249 2265 366 2346 soluta,
389 2263 440 2331 ita
461 2261 625 2342 videlicet,
650 2262 739 2350 quod
761 2261 967 2329 satisfactum
988 2265 1040 2330 est
1061 2261 1147 2329 inde.

179 2540 332 2625 Qttuliter
361 2564 420 2608 rea
453 2549 536 2609 tuuc
565 2541 752 2629 prohibuit,
792 2563 835 2608 ae
864 2540 985 2608 Jatat
1022 2540 1229 2610 comederent

321 2666 440 2712 corrice
457 2643 556 2732 ferio
577 2645 643 2723 vit,
667 2645 718 2712 oet
739 2643 783 2712 io
807 2643 1082 2730 Quadripertita

217 2800 376 2889 Tempore
399 2823 529 2887 quoque
552 2801 614 2867 sub
641 2801 766 2881 eodem,
790 2822 863 2866 cum
888 2800 977 2866 idem
1000 2800 1153 2866 dominus
1168 2822 1227 2865 rex
1240 2812 1380 2869 Theseos

173 2901 381 2981 Francorum,
412 2903 502 2967 inter
532 2907 639 2968 cetera
671 2901 776 2989 proba
808 2924 883 2988 ques
915 2902 1085 2983 sustinuit,
1120 2894 1284 2996 repre-22⁰,
1293 2881 1385 2997 {im

172 3003 361 3068 hensionem
392 3025 538 3067 amaram
572 3003 729 3080 audisset,
752 3025 795 3068 ex
829 3024 867 3069 eo
901 3001 1015 3089 quodz
1047 3003 1227 3070 Christiani
1238 3012 1345 3066 Franco.

170 3104 194 3169 J
197 3106 314 3183 udaeos,
339 3105 395 3189 qui
421 3103 588 3168 Christum
612 3104 861 3183 crucifixerunt,
877 3105 968 3170 inter
991 3127 1025 3169 se
1041 3105 1225 3171 conversari

169 3211 362 3293 paterentur
384 3227 459 3271 cum
483 3206 605 3270 eisdem
629 3206 730 3270 etism
762 3206 1045 3285 communicando,
1070 3207 1227 3293 preecepit

170 3311 193 3376 J
195 3309 308 3373 udteos
331 3331 351 3372 a
367 3329 466 3395 regno
482 3331 542 3373 suo
564 3308 827 3374 irrevocabiliter
850 3307 994 3387 exulare,
1011 3315 1046 3374 et
1060 3332 1081 3374 a
1103 3309 1226 3376 finibus

170 3413 237 3476 suis
260 3412 406 3475 amoveri
430 3410 596 3476 remotius.
642 3408 708 3475 Sed
727 3411 805 3497 quia
821 3409 946 3475 dictum
962 3410 1037 3490 fuit,
1053 3411 1142 3498 quod
1157 3434 1225 3478 non

168 3514 276 3598 placet
307 3513 449 3579 Domino
483 3518 594 3578 nostro
625 3511 732 3578 Jhesu
767 3512 911 3590 Christo,
941 3518 980 3578 nt
1014 3514 1149 3600 penitus
1183 3515 1224 3580 de

169 3615 230 3679 sub
254 3616 333 3681 oaelo
364 3616 544 3697 deleantur,
567 3615 625 3680 sed
655 3613 724 3680 sint
753 3617 790 3679 in
822 3615 958 3703 signum
987 3614 1092 3681 instar
1116 3615 1221 3702 anm

485 3796 694 3803 —n--—-—-—

168 3904 194 3948 to
206 3899 247 3948 the
259 3905 313 3948 text
324 3896 388 3948 after
401 3897 443 3947 the
455 3899 537 3947 words
554 3896 669 3949 Oriente
716 3904 759 3948 ten
776 3901 804 3947 ln
817 3897 859 3947 the
875 3895 983 3961 margin,
996 3896 1059 3947 with
1070 3896 1223 3950 preference

167 3977 200 4026 lea
220 3979 335 4036 universi,
355 3978 401 4026 but
423 3976 437 4025 I
456 3976 521 4027 have
542 3976 670 4040 preferred
715 3986 742 4028 to
761 3977 804 4026 the
822 3978 892 4026 word
914 3976 1054 4040 ploricmer,
1074 3978 1124 4026 end
1146 3977 1221 4027 elter-

167 4056 286 4120 inserting
304 4056 372 4105 them
391 4055 458 4105 here.
493 4056 524 4104 In
537 4057 576 4105 ed.
587 4056 669 4116 Wats,
716 4056 799 4104 werde
811 4056 904 4104 erased.
924 4053 1008 4104 Inthe
1017 4053 1073 4104 MS.
1083 4054 1126 4104 the
1134 4056 1222 4105 entho-

167 4151 190 4198 p.
203 4140 259 4193 807,
272 4136 333 4199 they
345 4150 387 4184 are
398 4134 545 4184 introduced
556 4134 610 4184 into
627 4135 669 4184 the
716 4133 768 4196 rity
790 4131 811 4181 is
836 4132 916 4182 added
942 4148 976 4181 on
994 4130 1077 4181 which
1097 4132 1158 4196 they
1178 4149 1221 4184 ere

166 4221 221 4264 text
231 4214 321 4278 higher
333 4229 374 4276 up,
387 4213 470 4263 where
487 4213 546 4277 they
558 4227 600 4263 ere
617 4227 670 4263 cer·
715 4212 802 4276 given,
820 4212 929 4277 nemely‚
952 4216 968 4240 “
977 4211 1120 4263 Secundum
1145 4227 1222 4262 esser·

167 4292 247 4356 toinly
265 4300 309 4342 out
326 4292 357 4341 ol
374 4292 453 4355 place,
474 4292 524 4340 and
547 4290 590 4340 the
614 4291 669 4341 first
715 4291 809 4341 tionem
820 4290 936 4356 Magistri
951 4290 1051 4355 Templi
1067 4291 1095 4340 in
1107 4290 1222 4351 Scocis,'’

166 4386 201 4419 no
217 4373 295 4421 doubt
305 4370 382 4421 refers
394 4379 420 4420 to
433 4370 476 4419 the
488 4369 572 4419 defeat
583 4370 612 4419 of
625 4370 669 4420 the
715 4371 761 4420 but
771 4370 822 4420 this
834 4370 855 4419 is
867 4372 973 4422 omitted
984 4370 1012 4420 in
1024 4371 1056 4420 B.

167 4450 267 4499 French
288 4450 316 4498 in
340 4455 412 4500 1250.
448 4450 496 4499 See
512 4456 576 4509 uate,
591 4465 615 4514 p.
628 4455 668 4499 et.
749 4448 923 4515 ¹nocueruat]
954 4455 1094 4501 nocuerunt
1117 4448 1222 4499 Christi·

168 4529 195 4577 A
212 4528 313 4592 portion
331 4529 359 4576 ol
377 4528 419 4578 tho
441 4529 534 4578 second
550 4527 580 4577 of
600 4528 669 4578 these
690 4588 692 4593 ⁴
715 4529 782 4589 nnis,
796 4530 828 4579 B.

168 4607 280 4672 chnpters
303 4608 348 4658 has
366 4609 427 4657 been
444 4607 582 4673 originally
600 4608 668 4658 writ-
690 4596 692 4607 '
750 4607 760 4638 ²
778 4626 809 4656 es
821 4626 847 4657 co
860 4608 938 4672 qaod]
960 4608 1001 4659 On
1013 4622 1045 4658 on
1057 4621 1163 4657 erasure
