3060 5474
391 689 439 745 aa
461 690 623 744 taurona
645 690 747 741 ancre
769 691 916 743 uanam
938 691 1063 748 runrn.
1185 672 1251 748 24⁷

199 884 287 924 sunm
298 866 431 939 pallians,
451 865 610 937 rospondit,
630 865 729 923 dicans
742 883 773 922 ee
790 865 1002 937 Normauniam
1022 905 1029 920 .
1051 907 1058 921 .
1080 906 1087 922 .
1109 907 1115 921 .
1135 865 1173 922 ad
1185 871 1330 938 cambi).
1343 879 1415 941 lata,

199 950 289 1009 vellet
306 951 406 1009 venire
421 992 427 1008 .
444 992 450 1004 .
464 992 471 1005 .
487 991 493 1005 .
508 950 578 1006 dum
596 949 723 1020 imprieii
741 950 787 1007 eui
800 960 830 1006 et
848 949 944 1016 amici,
963 955 1024 1005 tarn
1042 950 1142 1007 clerici
1161 968 1248 1020 quam
1260 951 1417 1018 Complaints

197 1034 276 1099 laici,
291 1035 380 1091 immo
399 1041 429 1093 ct
447 1034 565 1106 quidam
583 1035 657 1090 civis
675 1034 894 1099 Londcnicneie,
913 1035 1087 1100 redditibus,
1106 1037 1246 1106 possessi·
1259 1020 1289 1068 ⁰f
1296 1021 1373 1072 1²⁰⁰ss

197 1119 300 1174 onibus
310 1125 340 1176 et
348 1120 481 1178 omnibus
490 1119 647 1177 honoribus
660 1118 786 1190 spoliati,
796 1119 866 1174 facti
875 1125 944 1174 sunt
955 1137 1008 1190 per
1018 1120 1149 1190 legatum
1159 1138 1244 1177 suum
1256 1085 1354 1218 ἔξω

198 1203 298 1260 exules
323 1210 353 1260 et
375 1204 511 1261 mendici.
563 1203 629 1259 “Et
653 1209 831 1259 memoratus
857 1203 941 1268 civis,
968 1203 1082 1259 scilicet
1105 1203 1245 1263 constan·
1260 1219 1357 1286 fleury.

198 1286 289 1351 tinus,
303 1289 373 1358 quia
390 1305 437 1343 me
456 1288 583 1344 amioum
595 1305 680 1344 suum
693 1284 883 1359 recognovit,¹
902 1287 1032 1343 nonsine
1049 1287 1108 1344 mci
1119 1289 1247 1348 maximo

204 1371 355 1436 dedecora,
376 1377 424 1428 aet
442 1372 573 1443 patibulo
591 1376 792 1443 praesentatus.
830 1372 995 1428 Libertetcs
1013 1379 1043 1427 et
1054 1372 1162 1429 liberas
1180 1391 1248 1430 con·

202 1456 381 1520 suetudines,
395 1474 448 1527 pro
458 1456 563 1527 quibus
576 1456 698 1511 barones
712 1457 758 1513 sui
766 1456 877 1526 justam
891 1473 1029 1528 guerram
1040 1463 1203 1524 moverunt,
1217 1463 1248 1514 et

200 1559 271 1612 quaa
281 1541 387 1597 totiens
392 1540 524 1614 juratum
533 1540 793 1597 cstinviolabilitcr
801 1546 911 1606 tencre,
921 1540 1040 1596 minime
1048 1545 1137 1597 tenet.
1151 1541 1247 1597 Immo

201 1624 313 1681 nobiles
326 1643 394 1681 suos
405 1625 466 1680 odit
474 1635 504 1681 et
513 1624 661 1696 opprimit,
674 1625 767 1696 patris
780 1641 905 1695 sequens
917 1623 1045 1696 vestigia
1055 1623 1244 1695 pedetentim.

200 1709 240 1764 Et
251 1708 476 1774 Londcnianses,
491 1709 597 1780 spretis
611 1726 712 1764 eorum
720 1708 848 1780 antiquis
861 1713 890 1764 et
901 1708 985 1764 novis
997 1707 1098 1780 pactis,
1109 1707 1244 1780 frequen-

202 1793 281 1849 tibus
294 1794 385 1851 talliis
404 1799 433 1849 et
451 1794 591 1865 angariis,
606 1793 689 1864 quasi
702 1810 800 1849 servos
813 1792 925 1848 ultima
937 1792 1120 1856 conditionis,
1134 1792 1244 1866 deprae-

200 1878 286 1934 datur
304 1885 334 1934 et
351 1879 537 1951 depauperat.
575 1877 645 1933 Alia
669 1882 777 1942 autem,
805 1894 870 1948 quae
894 1876 990 1931 relatu
1017 1882 1086 1931 suut
1112 1875 1243 1948 indigna,

196 1963 396 2034 praetermitto.
434 1962 512 2018 Dum
525 1962 618 2033 igitur
630 1961 661 2016 in
672 1967 790 2032 pectore
804 2001 810 2016 .
833 2002 839 2015 .
858 2003 865 2018 .
879 1965 1079 2032 transgressor
1091 1961 1241 2032 optinebit.

196 2047 313 2118 Dignus
325 2048 423 2103 anim.
440 2090 446 2102 .
463 2090 469 2102 .
484 2045 663 2102 conculcat.”
699 2046 784 2101 Hanc
792 2045 886 2116 igitur
895 2045 1046 2100 audientes
1059 2045 1243 2115 tyrannidem

196 2132 431 2203 archiepiscopus
444 2137 474 2188 et
485 2131 624 2202 episcopi,
638 2130 793 2186 volucrunt
804 2129 862 2184 hiis
875 2128 1060 2200 respondere,
1076 2127 1153 2199 [sed]
1163 2129 1174 2161 ²
1185 2146 1243 2186 non
1307 2128 1310 2134 ’

195 2221 265 2272 aunt
283 2215 420 2272 exauditi.
458 2216 497 2272 Et
515 2233 583 2270 curn
600 2232 657 2269 non
675 2219 795 2286 possent
806 2212 886 2269 aliud
897 2230 1069 2284 responsum
1081 2219 1240 2284 reportare,

194 2316 262 2355 cum
280 2299 405 2355 sannis.
433 2340 439 2353 .
470 2341 477 2354 .
504 2299 658 2354 audierant
682 2297 814 2363 relaturi.
853 2295 924 2365 Quae
951 2315 1019 2352 cum
1044 2314 1096 2350 rex
1121 2297 1394 2375 audiensflsnryre.

195 2383 396 2448 intellexisset,
416 2382 510 2440 doluit
528 2388 558 2438 et
575 2382 713 2454 poenituit
737 2398 804 2436 oum
821 2381 1010 2436 vehementer
1027 2386 1088 2438 tam
1100 2382 1243 2438 favorabi·
1254 2382 1327 2455 90¹¹,ss
1337 2377 1378 2428 ΜΒ

193 2467 253 2522 lem
283 2468 376 2522 fuisse
406 2466 572 2531 Ludowioo,
598 2484 666 2522 cum
695 2466 727 2521 in
752 2465 928 2522 retiaculum
957 2482 1044 2520 suum
1073 2464 1241 2532 incidisaot;
1255 2443 1375 2559 ffinffiy

198 2551 348 2622 imponens
378 2551 432 2606 hoc
459 2550 629 2606 affirmative
654 2567 707 2621 por
733 2566 874 2620 magnum
899 2549 1126 2605 Marescallum³
1150 2549 1243 2606 fuisse
1333 2525 1379 2561 ⁰¹⁸⁴

193 2634 401 2691 machinatum.
440 2633 574 2690 Surrexit
590 2633 784 2689 murmuratio
801 2651 859 2688 non
877 2632 991 2689 modica
1002 2634 1079 2688 inter
1090 2639 1241 2704 magnates
1255 2647 1384 2699 Murmur,

194 2720 279 2790 regni
301 2724 331 2773 et
348 2718 515 2774 Hubertum
533 2718 569 2774 de
594 2718 704 2788 Burgo,
724 2717 841 2788 Angliae
863 2717 1072 2790 justiciarium,
1101 2722 1131 2774 et
1157 2715 1352 2790 quesierant

195 2804 276 2874 regis
289 2803 474 2875 pedagogum
487 2801 653 2873 specialem,
674 2819 708 2856 eo
719 2801 859 2857 videlicet
871 2800 948 2872 quod
959 2819 1017 2858 non
1025 2802 1111 2873 regni
1122 2802 1241 2873 negotis
1252 2781 1353 2897 gabe?
1363 2784 1394 2833 ‘¹⁰

194 2888 330 2951 fideliter,
346 2887 398 2942 sed
416 2904 478 2950 sua,
498 2904 556 2941 non
573 2885 743 2957 reipublicae
762 2885 814 2940 sed
826 2885 872 2940 eui
891 2886 984 2957 ipsius
1002 2885 1125 2939 honoras
1138 2885 1240 2956 ampli·
1276 2862 1323 2912 ωε
1420 2932 1426 2943 .

193 2977 257 3027 aret
284 2977 315 3027 et
343 2970 550 3043 possessiones,
580 2969 674 3026 elatus
701 2974 820 3041 propter
847 2970 974 3039 gratiam
995 2986 1084 3040 quam
1105 2967 1186 3025 Deus
1211 2969 1239 3025 ei

192 3058 303 3112 fecerat
327 3057 358 3110 in
375 3054 460 3109 mari.
498 3053 580 3108 Alias
600 3057 698 3108 autom
718 3069 820 3108 caueae
839 3054 865 3108 si
893 3052 959 3123 quie
983 3053 1060 3108 scire
1080 3051 1236 3117 desiderat,

191 3141 301 3194 librum
318 3140 447 3210 aliquem
465 3137 501 3191 dc
519 3137 661 3193 Historiis
670 3136 833 3192 Annalibus
852 3136 908 3191 sibi
921 3142 1033 3207 quaerat
1045 3135 1238 3192 intuendum.⁴

193 3224 281 3295 Apud
305 3222 485 3286 Bromholm,
517 3221 636 3276 domum
661 3219 774 3275 scilicet
798 3221 1005 3291 religiorcrum
1031 3220 1238 3275 monachorum
1249 3234 1405 3289 Mimlmt

190 3308 351 3378 nigrorum,
372 3307 563 3361 crebruerunt
575 3303 676 3360 divina
693 3303 843 3368 miracula,
858 3303 895 3359 ad
912 3303 1037 3374 gloriam
1050 3310 1081 3359 ct
1097 3304 1236 3359 honorem
1249 3302 1404 3357 Bromholm.

191 3392 350 3446 Dominicae
370 3390 473 3446 Crucis
492 3396 521 3444 ct
539 3389 696 3444 Passionis.
736 3388 891 3453 Johannes,
912 3407 964 3445 rex
981 3388 1235 3444 ierosolimitanua

192 3518 198 3531 .
228 3518 234 3531 .
266 3518 272 3532 .
306 3516 313 3532 .
347 3517 354 3530 .
382 3475 510 3531 civiliter
537 3473 667 3544 suscepit
697 3477 727 3527 et
749 3472 904 3527 honoravit
930 3513 936 3528 .
966 3513 972 3529 .
1004 3513 1010 3527 .
1038 3471 1074 3525 de
1099 3472 1236 3527 thesauro

190 3561 341 3615 affluenter
360 3559 519 3615 distribuit.
557 3557 702 3627 Magister
722 3553 869 3628 [Simon]⁶
888 3556 924 3612 de
941 3556 1060 3628 Apulia,
1084 3556 1237 3628 episcopus
1250 3576 1347 3628 neam,
1358 3578 1390 3628 ος

192 3644 374 3709 Exoniensie,
388 3649 418 3698 et
435 3640 603 3699 Willelmus
622 3641 658 3696 de
677 3640 836 3697 Gornhulle
856 3638 1021 3713 [episcopus
1041 3639 1364 3712 Castrensis]⁶prelatcs.

187 3730 329 3785 obierunt.

10 3879 45 3929 Η.
60 3877 96 3928 A·
110 3877 137 3927 ii.
232 3887 323 3934 u⁰.cc⁰
335 3887 444 3934 xrs11110.
482 3877 545 3932 Rex
563 3875 720 3942 Henrious,
735 3894 810 3934 anno
827 3877 912 3950 regni
931 3876 1072 3942 euinonc,
1087 3876 1182 3932 tenuit
1201 3918 1207 3932 .
1229 3919 1236 3932 .

10 3951 71 3996 ²⁶⁰·
192 4008 198 4020 .
222 4007 228 4019 .
254 4007 259 4018 .
281 3966 390 4019 festum
408 3979 504 4026 suum,
525 3962 609 4032 quasi
628 3961 762 4027 aemulus,
788 3962 884 4016 tonuit
909 3980 944 4017 ex
971 3960 1102 4026 adverso,
1122 3967 1238 4017 tumens

193 4092 199 4104 .
224 4091 229 4102 .
253 4090 258 4103 .
281 4047 416 4118 exigebat
434 4047 471 4101 ab
489 4045 600 4100 ecdem.
645 4045 893 4117 Archiepiscopua
914 4088 920 4100 .
943 4087 949 4099 .
971 4087 978 4099 .
998 4051 1068 4101 tunc
1086 4044 1127 4099 ibi
1151 4044 1238 4101 habc-

215 4185 663 4194 ..-—-.-——-—————-—-—.
683 4186 711 4191 -.-
745 4187 792 4191 ,.--.,
868 4187 919 4191 --..-
951 4186 1090 4192 .-..-.--.

231 4277 237 4307 ¹
259 4275 407 4339 recognovit]
427 4271 667 4338 recongnovit,MS.
773 4274 898 4341 ὅδιήιοη]
930 4275 1049 4340 Supplied
1076 4275 1139 4326 stom
1167 4274 1236 4325 Hr'st.

223 4359 234 4391 ⁹
250 4360 321 4425 aed]f
334 4357 445 4408 Omitted
457 4357 483 4405 in
495 4355 551 4405 MS.
741 4354 824 4419 Arpi,
835 4355 860 4403 ii.
873 4361 929 4406 260.

225 4443 236 4474 ³
254 4438 443 4504 Marescailum]
455 4436 696 4496 Maresealnmms,
774 4433 784 4465 ⁶
801 4436 928 4499 episcopus
943 4433 1089 4499 Cestrensis]
1118 4433 1237 4498 Supplied

229 4523 238 4553 ⁴
258 4522 304 4572 Sec
321 4521 363 4569 the
381 4520 488 4571 Greatcr
499 4516 643 4574 Chroniclc,
660 4518 698 4566 ed.
742 4513 805 4563 from
818 4515 859 4564 the
871 4530 944 4565 same.

196 4603 276 4661 Wate,
288 4618 311 4665 p.
325 4606 382 4649 318.
