<?xml version="1.0" encoding="UTF-8"?>
<!DOCTYPE html PUBLIC "-//W3C//DTD XHTML 1.0 Transitional//EN"
    "http://www.w3.org/TR/xhtml1/DTD/xhtml1-transitional.dtd">
<html xmlns="http://www.w3.org/1999/xhtml" xml:lang="en" lang="en">
 <head>
  <title>
</title>
<meta http-equiv="Content-Type" content="text/html;charset=utf-8" />
  <meta name='ocr-system' content='tesseract 3.04.00' />
  <meta name='ocr-capabilities' content='ocr_page ocr_carea ocr_par ocr_line ocrx_word'/>
</head>
<body>
  <div class='ocr_page' id='page_1' title='image "./matthiparisiens02parigoog/matthiparisiens02parigoog_0099.png"; bbox 0 0 3060 5468; ppageno 0'>
   <div class='ocr_carea' id='block_1_1' title="bbox 335 725 1269 793">
    <p class='ocr_par' dir='ltr' id='par_1_1' title="bbox 335 725 1269 793">
     <span class='ocr_line' id='line_1_1' title="bbox 335 725 1269 793; baseline -0.001 0"><span class='ocrx_word' id='word_1_1' title='bbox 335 725 378 793; x_wconf 74' lang='grc'><strong>31</strong></span> <span class='ocrx_word' id='word_1_2' title='bbox 456 736 621 791; x_wconf 73' lang='lat' dir='ltr'>samum</span> <span class='ocrx_word' id='word_1_3' title='bbox 645 736 859 790; x_wconf 79' lang='lat' dir='ltr'>raa1smss1s</span> <span class='ocrx_word' id='word_1_4' title='bbox 882 737 1048 790; x_wconf 77' lang='lat' dir='ltr'>meroem</span> <span class='ocrx_word' id='word_1_5' title='bbox 1070 738 1269 792; x_wconf 72' lang='lat' dir='ltr'>assusatus</span> 
     </span>
    </p>
   </div>
   <div class='ocr_carea' id='block_1_2' title="bbox 167 914 1384 1108">
    <p class='ocr_par' dir='ltr' id='par_1_2' title="bbox 167 914 1384 1108">
     <span class='ocr_line' id='line_1_2' title="bbox 167 914 1383 1005; baseline 0.01 -33"><span class='ocrx_word' id='word_1_6' title='bbox 167 914 233 972; x_wconf 69' lang='lat' dir='ltr'>tlt</span> <span class='ocrx_word' id='word_1_7' title='bbox 251 922 321 970; x_wconf 61' lang='grc'><strong>1111·</strong></span> <span class='ocrx_word' id='word_1_8' title='bbox 337 917 439 1005; x_wconf 76' lang='lat' dir='ltr'>igitur</span> <span class='ocrx_word' id='word_1_9' title='bbox 463 918 575 983; x_wconf 77' lang='lat' dir='ltr'>ouinia</span> <span class='ocrx_word' id='word_1_10' title='bbox 604 918 775 1005; x_wconf 90' lang='lat' dir='ltr'>usquead</span> <span class='ocrx_word' id='word_1_11' title='bbox 808 918 1009 1004; x_wconf 81' lang='lat' dir='ltr'>quindenam</span> <span class='ocrx_word' id='word_1_12' title='bbox 1042 920 1245 986; x_wconf 88' lang='lat' dir='ltr'>Nativitatis</span> <span class='ocrx_word' id='word_1_13' title='bbox 1278 919 1383 984; x_wconf 89' lang='lat' dir='ltr'>saneti</span> 
     </span>
     <span class='ocr_line' id='line_1_3' title="bbox 184 1003 1384 1108; baseline 0.007 -25"><span class='ocrx_word' id='word_1_14' title='bbox 184 1006 215 1055; x_wconf 67' lang='lat'>²⁴</span> <span class='ocrx_word' id='word_1_15' title='bbox 228 1003 304 1057; x_wconf 48' lang='lat'>³⁰¹¹*</span> <span class='ocrx_word' id='word_1_16' title='bbox 335 1020 499 1087; x_wconf 77' lang='lat' dir='ltr'>dulraunis</span> <span class='ocrx_word' id='word_1_17' title='bbox 524 1021 694 1108; x_wconf 69' lang='lat' dir='ltr'>Baptistae.</span> <span class='ocrx_word' id='word_1_18' title='bbox 741 1020 828 1087; x_wconf 83' lang='lat' dir='ltr'>Sed¹</span> <span class='ocrx_word' id='word_1_19' title='bbox 843 1044 896 1086; x_wconf 92' lang='lat' dir='ltr'>res</span> <span class='ocrx_word' id='word_1_20' title='bbox 911 1022 1030 1087; x_wconf 88' lang='lat' dir='ltr'>effectu</span> <span class='ocrx_word' id='word_1_21' title='bbox 1045 1028 1079 1089; x_wconf 87' lang='lat' dir='ltr'>et</span> <span class='ocrx_word' id='word_1_22' title='bbox 1095 1021 1266 1089; x_wconf 75' lang='lat' dir='ltr'>successu2</span> <span class='ocrx_word' id='word_1_23' title='bbox 1280 1023 1384 1088; x_wconf 79' lang='lat' dir='ltr'>comit</span> 
     </span>
    </p>
   </div>
   <div class='ocr_carea' id='block_1_3' title="bbox 334 1123 1384 1309">
    <p class='ocr_par' dir='ltr' id='par_1_3' title="bbox 334 1123 1384 1309">
     <span class='ocr_line' id='line_1_4' title="bbox 336 1123 1384 1216; baseline -0.014 -27"><span class='ocrx_word' id='word_1_24' title='bbox 336 1144 438 1209; x_wconf 67' lang='lat' dir='ltr'>iraque</span> <span class='ocrx_word' id='word_1_25' title='bbox 460 1123 497 1189; x_wconf 94' lang='lat' dir='ltr'>in</span> <span class='ocrx_word' id='word_1_26' title='bbox 526 1129 722 1210; x_wconf 71' lang='lat' dir='ltr'><strong>praesentem</strong></span> <span class='ocrx_word' id='word_1_27' title='bbox 746 1124 843 1199; x_wconf 88' lang='lat' dir='ltr'>diem,</span> <span class='ocrx_word' id='word_1_28' title='bbox 866 1124 1047 1191; x_wconf 90' lang='lat' dir='ltr'>secundum</span> <span class='ocrx_word' id='word_1_29' title='bbox 1070 1126 1154 1192; x_wconf 93' lang='lat' dir='ltr'>illud</span> <span class='ocrx_word' id='word_1_30' title='bbox 1188 1125 1384 1216; x_wconf 60' lang='lat' dir='ltr'>Philnqophi‚</span> 
     </span>
     <span class='ocr_line' id='line_1_5' title="bbox 334 1224 942 1309; baseline -0.036 0"><span class='ocrx_word' id='word_1_31' title='bbox 334 1225 432 1309; x_wconf 77' lang='lat' dir='ltr'>“Qui</span> <span class='ocrx_word' id='word_1_32' title='bbox 455 1225 514 1293; x_wconf 89' lang='lat' dir='ltr'>diu</span> <span class='ocrx_word' id='word_1_33' title='bbox 536 1224 677 1307; x_wconf 86' lang='lat' dir='ltr'>distulit,</span> <span class='ocrx_word' id='word_1_34' title='bbox 702 1224 762 1293; x_wconf 93' lang='lat' dir='ltr'>diu</span> <span class='ocrx_word' id='word_1_35' title='bbox 784 1225 942 1295; x_wconf 76' lang='lat' dir='ltr'>noluit.’&#39;³</span> 
     </span>
    </p>
   </div>
   <div class='ocr_carea' id='block_1_4' title="bbox 425 1555 1303 1653">
    <p class='ocr_par' dir='ltr' id='par_1_4' title="bbox 425 1555 1303 1653">
     <span class='ocr_line' id='line_1_6' title="bbox 425 1555 1303 1653; baseline 0.003 -28"><span class='ocrx_word' id='word_1_36' title='bbox 425 1555 571 1645; x_wconf 73' lang='lat' dir='ltr'>Oorrfoso</span> <span class='ocrx_word' id='word_1_37' title='bbox 594 1556 792 1636; x_wconf 71' lang='lat' dir='ltr'>Fectherico,</span> <span class='ocrx_word' id='word_1_38' title='bbox 815 1559 1078 1646; x_wconf 74' lang='lat' dir='ltr'>leietotplutrunt</span> <span class='ocrx_word' id='word_1_39' title='bbox 1098 1561 1303 1653; x_wconf 73' lang='lat' dir='ltr'>Feratenses.</span> 
     </span>
    </p>
   </div>
   <div class='ocr_carea' id='block_1_5' title="bbox 165 1724 1389 2744">
    <p class='ocr_par' dir='ltr' id='par_1_5' title="bbox 332 1724 1389 2644">
     <span class='ocr_line' id='line_1_7' title="bbox 377 1724 1386 1814; baseline -0.002 -21"><span class='ocrx_word' id='word_1_40' title='bbox 377 1729 478 1793; x_wconf 81' lang='lat' dir='ltr'>Anno</span> <span class='ocrx_word' id='word_1_41' title='bbox 500 1747 618 1814; x_wconf 86' lang='lat' dir='ltr'>nempe</span> <span class='ocrx_word' id='word_1_42' title='bbox 641 1725 703 1790; x_wconf 88' lang='lat' dir='ltr'>sub</span> <span class='ocrx_word' id='word_1_43' title='bbox 734 1726 848 1790; x_wconf 88' lang='lat' dir='ltr'>eodem</span> <span class='ocrx_word' id='word_1_44' title='bbox 883 1724 1075 1792; x_wconf 88' lang='lat' dir='ltr'>Parmenses</span> <span class='ocrx_word' id='word_1_45' title='bbox 1107 1727 1229 1793; x_wconf 82' lang='lat' dir='ltr'>obsessi</span> <span class='ocrx_word' id='word_1_46' title='bbox 1260 1747 1386 1813; x_wconf 87' lang='lat' dir='ltr'>compe·</span> 
     </span>
     <span class='ocr_line' id='line_1_8' title="bbox 332 1829 1387 1916; baseline -0.004 -17"><span class='ocrx_word' id='word_1_47' title='bbox 332 1832 455 1900; x_wconf 80' lang='lat' dir='ltr'>aientes</span> <span class='ocrx_word' id='word_1_48' title='bbox 486 1830 723 1910; x_wconf 84' lang='lat' dir='ltr'>Frethericum,</span> <span class='ocrx_word' id='word_1_49' title='bbox 758 1829 816 1916; x_wconf 93' lang='lat' dir='ltr'>qui</span> <span class='ocrx_word' id='word_1_50' title='bbox 850 1851 904 1895; x_wconf 90' lang='lat' dir='ltr'>eos</span> <span class='ocrx_word' id='word_1_51' title='bbox 939 1831 1113 1909; x_wconf 87' lang='lat' dir='ltr'>obsederit,</span> <span class='ocrx_word' id='word_1_52' title='bbox 1136 1831 1201 1896; x_wconf 85' lang='lat' dir='ltr'>ad⁴</span> <span class='ocrx_word' id='word_1_53' title='bbox 1231 1830 1387 1896; x_wconf 78' lang='lat' dir='ltr'>ulteriora</span> 
     </span>
     <span class='ocr_line' id='line_1_9' title="bbox 333 1933 1387 2021; baseline -0.003 -19"><span class='ocrx_word' id='word_1_54' title='bbox 333 1959 368 2002; x_wconf 88' lang='lat' dir='ltr'>se</span> <span class='ocrx_word' id='word_1_55' title='bbox 389 1935 576 2016; x_wconf 76' lang='lat' dir='ltr'>contidisse,</span> <span class='ocrx_word' id='word_1_56' title='bbox 600 1934 756 1999; x_wconf 84' lang='lat' dir='ltr'>exierunt</span> <span class='ocrx_word' id='word_1_57' title='bbox 779 1933 890 1998; x_wconf 86' lang='lat' dir='ltr'>subito</span> <span class='ocrx_word' id='word_1_58' title='bbox 923 1956 997 1999; x_wconf 90' lang='lat' dir='ltr'>cum</span> <span class='ocrx_word' id='word_1_59' title='bbox 1031 1936 1157 2021; x_wconf 92' lang='lat' dir='ltr'>impetu</span> <span class='ocrx_word' id='word_1_60' title='bbox 1187 1957 1315 2021; x_wconf 82' lang='lat' dir='ltr'>magno,</span> <span class='ocrx_word' id='word_1_61' title='bbox 1339 1935 1387 1999; x_wconf 90' lang='lat' dir='ltr'>in-</span> 
     </span>
     <span class='ocr_line' id='line_1_10' title="bbox 333 2036 1388 2125; baseline -0.004 -19"><span class='ocrx_word' id='word_1_62' title='bbox 333 2040 570 2125; x_wconf 70' lang='lat' dir='ltr'>venientesque</span> <span class='ocrx_word' id='word_1_63' title='bbox 605 2042 638 2103; x_wconf 91' lang='lat' dir='ltr'>et</span> <span class='ocrx_word' id='word_1_64' title='bbox 670 2036 868 2102; x_wconf 71' lang='lat' dir='ltr'>invadentes</span> <span class='ocrx_word' id='word_1_65' title='bbox 891 2037 1095 2102; x_wconf 77' lang='lat' dir='ltr'>exercitum⁵</span> <span class='ocrx_word' id='word_1_66' title='bbox 1119 2037 1308 2116; x_wconf 84' lang='lat' dir='ltr'>Fretherici,</span> <span class='ocrx_word' id='word_1_67' title='bbox 1330 2037 1388 2123; x_wconf 92' lang='lat' dir='ltr'>qui</span> 
     </span>
     <span class='ocr_line' id='line_1_11' title="bbox 333 2140 1389 2215; baseline -0.002 -6"><span class='ocrx_word' id='word_1_68' title='bbox 333 2144 490 2210; x_wconf 86' lang='lat' dir='ltr'>sibinen</span> <span class='ocrx_word' id='word_1_69' title='bbox 513 2146 648 2208; x_wconf 87' lang='lat' dir='ltr'>tantum</span> <span class='ocrx_word' id='word_1_70' title='bbox 672 2146 781 2215; x_wconf 85' lang='lat' dir='ltr'>castra</span> <span class='ocrx_word' id='word_1_71' title='bbox 811 2140 868 2205; x_wconf 88' lang='lat' dir='ltr'>sed</span> <span class='ocrx_word' id='word_1_72' title='bbox 904 2141 1004 2204; x_wconf 86' lang='lat' dir='ltr'>etiam</span> <span class='ocrx_word' id='word_1_73' title='bbox 1028 2142 1198 2207; x_wconf 84' lang='lat' dir='ltr'>civitatem</span> <span class='ocrx_word' id='word_1_74' title='bbox 1222 2142 1286 2207; x_wconf 92' lang='lat' dir='ltr'>sibi</span> <span class='ocrx_word' id='word_1_75' title='bbox 1309 2142 1389 2207; x_wconf 85' lang='lat' dir='ltr'>aedi·</span> 
     </span>
     <span class='ocr_line' id='line_1_12' title="bbox 333 2242 1389 2331; baseline -0.003 -18"><span class='ocrx_word' id='word_1_76' title='bbox 333 2247 499 2324; x_wconf 86' lang='lat' dir='ltr'>ficaverat,</span> <span class='ocrx_word' id='word_1_77' title='bbox 523 2266 623 2330; x_wconf 86' lang='lat' dir='ltr'>quam</span> <span class='ocrx_word' id='word_1_78' title='bbox 647 2242 830 2308; x_wconf 80' lang='lat' dir='ltr'>Victoriam</span> <span class='ocrx_word' id='word_1_79' title='bbox 864 2243 1062 2328; x_wconf 88' lang='lat' dir='ltr'>appellabat,</span> <span class='ocrx_word' id='word_1_80' title='bbox 1098 2245 1205 2331; x_wconf 91' lang='lat' dir='ltr'>ipsum</span> <span class='ocrx_word' id='word_1_81' title='bbox 1236 2245 1389 2310; x_wconf 89' lang='lat' dir='ltr'>totaliter</span> 
     </span>
     <span class='ocr_line' id='line_1_13' title="bbox 334 2345 1389 2434; baseline -0.001 -20"><span class='ocrx_word' id='word_1_82' title='bbox 334 2351 370 2414; x_wconf 92' lang='lat' dir='ltr'>in</span> <span class='ocrx_word' id='word_1_83' title='bbox 394 2370 449 2414; x_wconf 89' lang='lat' dir='ltr'>ore</span> <span class='ocrx_word' id='word_1_84' title='bbox 471 2348 575 2434; x_wconf 80' lang='lat' dir='ltr'>gladii</span> <span class='ocrx_word' id='word_1_85' title='bbox 590 2346 802 2432; x_wconf 79' lang='lat' dir='ltr'>dissipammt,</span> <span class='ocrx_word' id='word_1_86' title='bbox 815 2345 1003 2431; x_wconf 91' lang='lat' dir='ltr'>multosque</span> <span class='ocrx_word' id='word_1_87' title='bbox 1018 2347 1230 2426; x_wconf 88' lang='lat' dir='ltr'>trucidantes,</span> <span class='ocrx_word' id='word_1_88' title='bbox 1246 2348 1389 2433; x_wconf 89' lang='lat' dir='ltr'>reliquos</span> 
     </span>
     <span class='ocr_line' id='line_1_14' title="bbox 333 2446 1388 2538; baseline 0 -22"><span class='ocrx_word' id='word_1_89' title='bbox 333 2453 370 2516; x_wconf 90' lang='lat' dir='ltr'>in</span> <span class='ocrx_word' id='word_1_90' title='bbox 394 2450 507 2538; x_wconf 84' lang='lat' dir='ltr'>fugam</span> <span class='ocrx_word' id='word_1_91' title='bbox 529 2449 767 2535; x_wconf 90' lang='lat' dir='ltr'>compulerunt.</span> <span class='ocrx_word' id='word_1_92' title='bbox 814 2446 957 2512; x_wconf 80' lang='lat' dir='ltr'>Diruta⁶</span> <span class='ocrx_word' id='word_1_93' title='bbox 979 2450 1083 2535; x_wconf 81' lang='lat' dir='ltr'>igitur</span> <span class='ocrx_word' id='word_1_94' title='bbox 1105 2450 1176 2537; x_wconf 90' lang='lat' dir='ltr'>ipsa</span> <span class='ocrx_word' id='word_1_95' title='bbox 1196 2471 1285 2515; x_wconf 88' lang='lat' dir='ltr'>nova</span> <span class='ocrx_word' id='word_1_96' title='bbox 1307 2451 1388 2516; x_wconf 88' lang='lat' dir='ltr'>civi-</span> 
     </span>
     <span class='ocr_line' id='line_1_15' title="bbox 334 2554 1389 2644; baseline -0.001 -20"><span class='ocrx_word' id='word_1_97' title='bbox 334 2562 413 2635; x_wconf 88' lang='lat' dir='ltr'>tate,</span> <span class='ocrx_word' id='word_1_98' title='bbox 437 2560 646 2644; x_wconf 80' lang='lat' dir='ltr'>asportantes</span> <span class='ocrx_word' id='word_1_99' title='bbox 668 2576 770 2632; x_wconf 92' lang='lat' dir='ltr'>arma,</span> <span class='ocrx_word' id='word_1_100' title='bbox 803 2554 961 2618; x_wconf 87' lang='lat' dir='ltr'>utensilia</span> <span class='ocrx_word' id='word_1_101' title='bbox 996 2562 1030 2621; x_wconf 91' lang='lat' dir='ltr'>et</span> <span class='ocrx_word' id='word_1_102' title='bbox 1061 2557 1253 2622; x_wconf 89' lang='lat' dir='ltr'>thesaurum</span> <span class='ocrx_word' id='word_1_103' title='bbox 1284 2557 1389 2644; x_wconf 91' lang='lat' dir='ltr'>ipsius</span> 
     </span>
    </p>

    <p class='ocr_par' dir='ltr' id='par_1_6' title="bbox 165 2655 1388 2744">
     <span class='ocr_line' id='line_1_16' title="bbox 165 2655 1388 2744; baseline -0.001 -17"><span class='ocrx_word' id='word_1_104' title='bbox 165 2686 302 2739; x_wconf 72' lang='lat' dir='ltr'>&#39;l&#39;haodeun</span> <span class='ocrx_word' id='word_1_105' title='bbox 335 2659 526 2738; x_wconf 81' lang='lat' dir='ltr'>Fretherici,</span> <span class='ocrx_word' id='word_1_106' title='bbox 539 2657 706 2743; x_wconf 86' lang='lat' dir='ltr'>occisoque</span> <span class='ocrx_word' id='word_1_107' title='bbox 722 2655 869 2742; x_wconf 88' lang='lat' dir='ltr'>ejusdem</span> <span class='ocrx_word' id='word_1_108' title='bbox 885 2657 1017 2744; x_wconf 87' lang='lat' dir='ltr'>speciali</span> <span class='ocrx_word' id='word_1_109' title='bbox 1034 2659 1218 2724; x_wconf 87' lang='lat' dir='ltr'>consiliario</span> <span class='ocrx_word' id='word_1_110' title='bbox 1234 2659 1388 2742; x_wconf 83' lang='lat' dir='ltr'>Thadaeo‚</span> 
     </span>
    </p>
   </div>
   <div class='ocr_carea' id='block_1_6' title="bbox 166 2753 1388 2872">
    <p class='ocr_par' dir='ltr' id='par_1_7' title="bbox 166 2753 1388 2872">
     <span class='ocr_line' id='line_1_17' title="bbox 166 2753 1388 2872; baseline 0.01 -54"><span class='ocrx_word' id='word_1_111' title='bbox 166 2753 210 2872; x_wconf 62' lang='grc'>[01</span> <span class='ocrx_word' id='word_1_112' title='bbox 220 2753 309 2821; x_wconf 76' lang='lat' dir='ltr'>Sena]</span> <span class='ocrx_word' id='word_1_113' title='bbox 335 2764 423 2830; x_wconf 87' lang='lat' dir='ltr'>cives</span> <span class='ocrx_word' id='word_1_114' title='bbox 445 2785 520 2828; x_wconf 89' lang='lat' dir='ltr'>cum</span> <span class='ocrx_word' id='word_1_115' title='bbox 542 2759 713 2848; x_wconf 89' lang='lat' dir='ltr'>triumpho</span> <span class='ocrx_word' id='word_1_116' title='bbox 736 2761 772 2825; x_wconf 92' lang='lat' dir='ltr'>in</span> <span class='ocrx_word' id='word_1_117' title='bbox 795 2761 966 2826; x_wconf 90' lang='lat' dir='ltr'>civitatem</span> <span class='ocrx_word' id='word_1_118' title='bbox 989 2783 1083 2827; x_wconf 89' lang='lat' dir='ltr'>suam</span> <span class='ocrx_word' id='word_1_119' title='bbox 1098 2764 1249 2829; x_wconf 66' lang='lat' dir='ltr'>laetantes</span> <span class='ocrx_word' id='word_1_120' title='bbox 1264 2785 1388 2830; x_wconf 91' lang='lat' dir='ltr'>remea-</span> 
     </span>
    </p>
   </div>
   <div class='ocr_carea' id='block_1_7' title="bbox 175 2820 1387 2952">
    <p class='ocr_par' dir='ltr' id='par_1_8' title="bbox 175 2820 1387 2952">
     <span class='ocr_line' id='line_1_18' title="bbox 175 2820 1387 2952; baseline 0.017 -29"><span class='ocrx_word' id='word_1_121' title='bbox 175 2820 254 2875; x_wconf 52' lang='grc' dir='ltr'>’Μ</span> <span class='ocrx_word' id='word_1_122' title='bbox 335 2870 423 2933; x_wconf 89' lang='lat' dir='ltr'>runt.</span> <span class='ocrx_word' id='word_1_123' title='bbox 470 2865 553 2931; x_wconf 85' lang='lat' dir='ltr'>Haee</span> <span class='ocrx_word' id='word_1_124' title='bbox 569 2886 643 2930; x_wconf 90' lang='lat' dir='ltr'>cum</span> <span class='ocrx_word' id='word_1_125' title='bbox 659 2863 805 2929; x_wconf 88' lang='lat' dir='ltr'>audisset</span> <span class='ocrx_word' id='word_1_126' title='bbox 822 2862 1039 2946; x_wconf 81' lang='lat' dir='ltr'>Frethericus,</span> <span class='ocrx_word' id='word_1_127' title='bbox 1054 2887 1123 2930; x_wconf 90' lang='lat' dir='ltr'>non</span> <span class='ocrx_word' id='word_1_128' title='bbox 1138 2889 1171 2931; x_wconf 92' lang='lat' dir='ltr'>se</span> <span class='ocrx_word' id='word_1_129' title='bbox 1186 2889 1253 2952; x_wconf 76' lang='lat' dir='ltr'>pne</span> <span class='ocrx_word' id='word_1_130' title='bbox 1276 2867 1387 2932; x_wconf 73' lang='lat' dir='ltr'>d010r0</span> 
     </span>
    </p>
   </div>
   <div class='ocr_carea' id='block_1_8' title="bbox 334 2967 1388 3366">
    <p class='ocr_par' dir='ltr' id='par_1_9' title="bbox 334 2967 1388 3366">
     <span class='ocr_line' id='line_1_19' title="bbox 334 2967 1388 3057; baseline 0 -22"><span class='ocrx_word' id='word_1_131' title='bbox 334 2971 474 3057; x_wconf 88' lang='lat' dir='ltr'>capiens,</span> <span class='ocrx_word' id='word_1_132' title='bbox 497 2972 728 3056; x_wconf 82' lang='lat' dir='ltr'>argumentose</span> <span class='ocrx_word' id='word_1_133' title='bbox 751 2967 910 3055; x_wconf 85' lang='lat' dir='ltr'>cogitavit</span> <span class='ocrx_word' id='word_1_134' title='bbox 934 2990 1002 3033; x_wconf 85' lang='lat' dir='ltr'>sese</span> <span class='ocrx_word' id='word_1_135' title='bbox 1024 2968 1201 3048; x_wconf 89' lang='lat' dir='ltr'>vindicare,</span> <span class='ocrx_word' id='word_1_136' title='bbox 1232 2975 1266 3035; x_wconf 91' lang='lat' dir='ltr'>et</span> <span class='ocrx_word' id='word_1_137' title='bbox 1299 2970 1388 3035; x_wconf 86' lang='lat' dir='ltr'>infra</span> 
     </span>
     <span class='ocr_line' id='line_1_20' title="bbox 334 3071 1386 3159; baseline 0.001 -21"><span class='ocrx_word' id='word_1_138' title='bbox 334 3075 434 3140; x_wconf 88' lang='lat' dir='ltr'>breve</span> <span class='ocrx_word' id='word_1_139' title='bbox 456 3079 587 3159; x_wconf 91' lang='lat' dir='ltr'>tempus</span> <span class='ocrx_word' id='word_1_140' title='bbox 610 3071 756 3137; x_wconf 86' lang='lat' dir='ltr'>exercitu</span> <span class='ocrx_word' id='word_1_141' title='bbox 772 3076 933 3148; x_wconf 87' lang='lat' dir='ltr'>revocato,</span> <span class='ocrx_word' id='word_1_142' title='bbox 949 3072 1152 3136; x_wconf 87' lang='lat' dir='ltr'>obsidionem</span> <span class='ocrx_word' id='word_1_143' title='bbox 1168 3072 1386 3140; x_wconf 85' lang='lat' dir='ltr'>continuavit.</span> 
     </span>
     <span class='ocr_line' id='line_1_21' title="bbox 335 3175 1386 3262; baseline 0.001 -21"><span class='ocrx_word' id='word_1_144' title='bbox 335 3176 445 3262; x_wconf 90' lang='lat' dir='ltr'>Hujus</span> <span class='ocrx_word' id='word_1_145' title='bbox 467 3175 539 3240; x_wconf 84' lang='lat' dir='ltr'>rei⁷</span> <span class='ocrx_word' id='word_1_146' title='bbox 561 3181 701 3241; x_wconf 89' lang='lat' dir='ltr'>eventus</span> <span class='ocrx_word' id='word_1_147' title='bbox 734 3176 841 3255; x_wconf 89' lang='lat' dir='ltr'>series,</span> <span class='ocrx_word' id='word_1_148' title='bbox 866 3175 937 3240; x_wconf 91' lang='lat' dir='ltr'>Deo</span> <span class='ocrx_word' id='word_1_149' title='bbox 972 3175 1175 3262; x_wconf 89' lang='lat' dir='ltr'>disponente,</span> <span class='ocrx_word' id='word_1_150' title='bbox 1209 3177 1252 3240; x_wconf 90' lang='lat' dir='ltr'>ad</span> <span class='ocrx_word' id='word_1_151' title='bbox 1287 3178 1386 3242; x_wconf 89' lang='lat' dir='ltr'>decus</span> 
     </span>
     <span class='ocr_line' id='line_1_22' title="bbox 335 3269 1386 3366; baseline 0.002 -24"><span class='ocrx_word' id='word_1_152' title='bbox 335 3269 534 3345; x_wconf 79' lang='lat' dir='ltr'>ecclesiss&#39;et</span> <span class='ocrx_word' id='word_1_153' title='bbox 558 3279 696 3344; x_wconf 90' lang='lat' dir='ltr'>dedecus</span> <span class='ocrx_word' id='word_1_154' title='bbox 718 3277 931 3366; x_wconf 86' lang='lat' dir='ltr'>F[retherici]</span> <span class='ocrx_word' id='word_1_155' title='bbox 956 3279 1135 3343; x_wconf 89' lang='lat' dir='ltr'>terminum</span> <span class='ocrx_word' id='word_1_156' title='bbox 1160 3284 1209 3343; x_wconf 87' lang='lat' dir='ltr'>est</span> <span class='ocrx_word' id='word_1_157' title='bbox 1225 3279 1386 3349; x_wconf 83' lang='lat' dir='ltr'>sortitus.⁸</span> 
     </span>
    </p>
   </div>
   <div class='ocr_carea' id='block_1_9' title="bbox 412 3440 1385 3452">
    <p class='ocr_par' dir='ltr' id='par_1_10' title="bbox 412 3440 1385 3452">
     <span class='ocr_line' id='line_1_23' title="bbox 412 3440 1385 3452; baseline 0.005 -6"><span class='ocrx_word' id='word_1_158' title='bbox 412 3442 435 3446; x_wconf 86' lang='grc'>-.</span> <span class='ocrx_word' id='word_1_159' title='bbox 442 3441 484 3447; x_wconf 82' lang='grc'>.-</span> <span class='ocrx_word' id='word_1_160' title='bbox 492 3441 564 3447; x_wconf 84' lang='grc'>.,..-.-</span> <span class='ocrx_word' id='word_1_161' title='bbox 588 3440 708 3446; x_wconf 82' lang='lat'>———-</span> <span class='ocrx_word' id='word_1_162' title='bbox 714 3440 1284 3450; x_wconf 78' lang='lat'><em>——-——————--—.....—-—---</em></span> <span class='ocrx_word' id='word_1_163' title='bbox 1293 3443 1385 3452; x_wconf 71' lang='lat'>.-.-.</span> 
     </span>
    </p>
   </div>
   <div class='ocr_carea' id='block_1_10' title="bbox 332 3569 1390 4669">
    <p class='ocr_par' dir='ltr' id='par_1_11' title="bbox 369 3569 1387 3639">
     <span class='ocr_line' id='line_1_24' title="bbox 369 3569 1387 3639; baseline 0.007 -18"><span class='ocrx_word' id='word_1_164' title='bbox 369 3569 460 3636; x_wconf 76' lang='lat' dir='ltr'>¹Sod]</span> <span class='ocrx_word' id='word_1_165' title='bbox 482 3570 532 3630; x_wconf 82' lang='lat' dir='ltr'>Set,</span> <span class='ocrx_word' id='word_1_166' title='bbox 543 3571 599 3620; x_wconf 82' lang='lat' dir='ltr'>MS.</span> <span class='ocrx_word' id='word_1_167' title='bbox 614 3570 776 3634; x_wconf 79' lang='lat' dir='ltr'>throughout.</span> <span class='ocrx_word' id='word_1_168' title='bbox 857 3572 862 3635; x_wconf 78' lang='grc'><strong>1</strong></span> <span class='ocrx_word' id='word_1_169' title='bbox 916 3572 1087 3639; x_wconf 67' lang='lat' dir='ltr'>⁵exereitum]</span> <span class='ocrx_word' id='word_1_170' title='bbox 1134 3574 1295 3634; x_wconf 80' lang='lat' dir='ltr'>excercitum,</span> <span class='ocrx_word' id='word_1_171' title='bbox 1328 3576 1387 3628; x_wconf 85' lang='lat' dir='ltr'>MS.</span> 
     </span>
    </p>

    <p class='ocr_par' dir='ltr' id='par_1_12' title="bbox 367 3640 1042 3716">
     <span class='ocr_line' id='line_1_25' title="bbox 367 3640 1042 3716; baseline 0.007 -19"><span class='ocrx_word' id='word_1_172' title='bbox 367 3649 520 3715; x_wconf 63' lang='lat' dir='ltr'>lauressae]</span> <span class='ocrx_word' id='word_1_173' title='bbox 541 3664 651 3704; x_wconf 87' lang='lat' dir='ltr'>sucessu,</span> <span class='ocrx_word' id='word_1_174' title='bbox 663 3648 719 3700; x_wconf 86' lang='lat' dir='ltr'>MS.</span> <span class='ocrx_word' id='word_1_175' title='bbox 857 3640 860 3663; x_wconf 80' lang='lat'><strong>¹</strong></span> <span class='ocrx_word' id='word_1_176' title='bbox 883 3653 1042 3716; x_wconf 85' lang='lat' dir='ltr'>throughout.</span> 
     </span>
    </p>

    <p class='ocr_par' dir='ltr' id='par_1_13' title="bbox 332 3726 1390 4669">
     <span class='ocr_line' id='line_1_26' title="bbox 367 3726 1254 3796; baseline 0.008 -20"><span class='ocrx_word' id='word_1_177' title='bbox 367 3728 377 3759; x_wconf 82' lang='lat'><strong>³</strong></span> <span class='ocrx_word' id='word_1_178' title='bbox 397 3727 448 3777; x_wconf 85' lang='lat' dir='ltr'>Sed</span> <span class='ocrx_word' id='word_1_179' title='bbox 457 3745 496 3777; x_wconf 83' lang='lat' dir='ltr'>res</span> <span class='ocrx_word' id='word_1_180' title='bbox 512 3766 519 3779; x_wconf 90' lang='lat'>.</span> <span class='ocrx_word' id='word_1_181' title='bbox 537 3765 544 3778; x_wconf 90' lang='lat'>.</span> <span class='ocrx_word' id='word_1_182' title='bbox 563 3765 569 3778; x_wconf 92' lang='lat'>.</span> <span class='ocrx_word' id='word_1_183' title='bbox 587 3726 695 3793; x_wconf 77' lang='lat' dir='ltr'>‚noluirJ</span> <span class='ocrx_word' id='word_1_184' title='bbox 725 3728 833 3779; x_wconf 82' lang='lat' dir='ltr'>Written</span> <span class='ocrx_word' id='word_1_185' title='bbox 916 3730 926 3761; x_wconf 75' lang='lat'><strong>⁰</strong></span> <span class='ocrx_word' id='word_1_186' title='bbox 944 3731 1053 3796; x_wconf 79' lang='lat' dir='ltr'>Diruta]</span> <span class='ocrx_word' id='word_1_187' title='bbox 1072 3732 1186 3796; x_wconf 84' lang='lat' dir='ltr'>Dirruta,</span> <span class='ocrx_word' id='word_1_188' title='bbox 1197 3733 1254 3783; x_wconf 84' lang='lat' dir='ltr'>MS.</span> 
     </span>
     <span class='ocr_line' id='line_1_27' title="bbox 334 3807 1157 3875; baseline 0.006 -18"><span class='ocrx_word' id='word_1_189' title='bbox 334 3820 395 3857; x_wconf 85' lang='lat' dir='ltr'>over</span> <span class='ocrx_word' id='word_1_190' title='bbox 410 3822 442 3856; x_wconf 83' lang='lat' dir='ltr'>an</span> <span class='ocrx_word' id='word_1_191' title='bbox 460 3822 568 3863; x_wconf 84' lang='lat' dir='ltr'>erasure.</span> <span class='ocrx_word' id='word_1_192' title='bbox 585 3808 636 3856; x_wconf 89' lang='lat' dir='ltr'>and</span> <span class='ocrx_word' id='word_1_193' title='bbox 653 3807 680 3856; x_wconf 91' lang='lat' dir='ltr'>in</span> <span class='ocrx_word' id='word_1_194' title='bbox 698 3807 740 3856; x_wconf 83' lang='lat' dir='ltr'>the</span> <span class='ocrx_word' id='word_1_195' title='bbox 757 3809 834 3859; x_wconf 85' lang='lat' dir='ltr'>lower</span> <span class='ocrx_word' id='word_1_196' title='bbox 916 3809 926 3846; x_wconf 87' lang='lat'><strong><em>⁷</em></strong></span> <span class='ocrx_word' id='word_1_197' title='bbox 943 3811 992 3875; x_wconf 82' lang='lat' dir='ltr'>rei]</span> <span class='ocrx_word' id='word_1_198' title='bbox 1011 3810 1157 3862; x_wconf 85' lang='lat' dir='ltr'>Interlined.</span> 
     </span>
     <span class='ocr_line' id='line_1_28' title="bbox 334 3885 1385 3956; baseline 0.008 -20"><span class='ocrx_word' id='word_1_199' title='bbox 334 3886 432 3949; x_wconf 68' lang='lat' dir='ltr'>neugio</span> <span class='ocrx_word' id='word_1_200' title='bbox 445 3885 467 3933; x_wconf 86' lang='lat' dir='ltr'>is</span> <span class='ocrx_word' id='word_1_201' title='bbox 479 3902 494 3934; x_wconf 88' lang='lat' dir='ltr'>a</span> <span class='ocrx_word' id='word_1_202' title='bbox 506 3894 572 3945; x_wconf 89' lang='lat' dir='ltr'>note,</span> <span class='ocrx_word' id='word_1_203' title='bbox 585 3886 669 3935; x_wconf 80' lang='lat' dir='ltr'>which</span> <span class='ocrx_word' id='word_1_204' title='bbox 687 3901 790 3950; x_wconf 83' lang='lat' dir='ltr'>appears</span> <span class='ocrx_word' id='word_1_205' title='bbox 807 3896 833 3938; x_wconf 84' lang='lat' dir='ltr'>to</span> <span class='ocrx_word' id='word_1_206' title='bbox 916 3888 926 3919; x_wconf 84' lang='lat'>⁸</span> <span class='ocrx_word' id='word_1_207' title='bbox 944 3889 1001 3937; x_wconf 81' lang='lat' dir='ltr'>Deo</span> <span class='ocrx_word' id='word_1_208' title='bbox 1018 3926 1025 3938; x_wconf 86' lang='lat'><strong>.</strong></span> <span class='ocrx_word' id='word_1_209' title='bbox 1044 3927 1049 3940; x_wconf 93' lang='lat'>.</span> <span class='ocrx_word' id='word_1_210' title='bbox 1067 3929 1074 3940; x_wconf 91' lang='lat'><em>.</em></span> <span class='ocrx_word' id='word_1_211' title='bbox 1098 3928 1106 3941; x_wconf 87' lang='lat'><strong>.</strong></span> <span class='ocrx_word' id='word_1_212' title='bbox 1129 3892 1243 3956; x_wconf 76' lang='lat' dir='ltr'>sortitus]</span> <span class='ocrx_word' id='word_1_213' title='bbox 1274 3893 1385 3944; x_wconf 84' lang='lat' dir='ltr'>Wrilten</span> 
     </span>
     <span class='ocr_line' id='line_1_29' title="bbox 334 3964 1390 4031; baseline 0.007 -16"><span class='ocrx_word' id='word_1_214' title='bbox 334 3964 440 4015; x_wconf 76' lang='lat' dir='ltr'>referto</span> <span class='ocrx_word' id='word_1_215' title='bbox 458 3965 507 4014; x_wconf 81' lang='lat' dir='ltr'>this</span> <span class='ocrx_word' id='word_1_216' title='bbox 521 3981 635 4030; x_wconf 79' lang='lat' dir='ltr'>passage:</span> <span class='ocrx_word' id='word_1_217' title='bbox 655 3965 706 4015; x_wconf 84' lang='lat' dir='ltr'>Sed</span> <span class='ocrx_word' id='word_1_218' title='bbox 723 3983 762 4015; x_wconf 85' lang='lat' dir='ltr'>res</span> <span class='ocrx_word' id='word_1_219' title='bbox 780 3983 832 4016; x_wconf 85' lang='lat' dir='ltr'>cum</span> <span class='ocrx_word' id='word_1_220' title='bbox 882 3983 942 4017; x_wconf 89' lang='lat' dir='ltr'>over</span> <span class='ocrx_word' id='word_1_221' title='bbox 959 3984 991 4016; x_wconf 87' lang='lat' dir='ltr'>au</span> <span class='ocrx_word' id='word_1_222' title='bbox 1009 3984 1116 4031; x_wconf 83' lang='lat' dir='ltr'>erasure,</span> <span class='ocrx_word' id='word_1_223' title='bbox 1128 3971 1171 4020; x_wconf 89' lang='lat' dir='ltr'>the</span> <span class='ocrx_word' id='word_1_224' title='bbox 1187 3971 1243 4020; x_wconf 85' lang='lat' dir='ltr'>first</span> <span class='ocrx_word' id='word_1_225' title='bbox 1259 3975 1342 4022; x_wconf 83' lang='lat' dir='ltr'>words</span> <span class='ocrx_word' id='word_1_226' title='bbox 1359 3974 1390 4022; x_wconf 82' lang='lat' dir='ltr'>of</span> 
     </span>
     <span class='ocr_line' id='line_1_30' title="bbox 334 4041 1386 4110; baseline 0.01 -19"><span class='ocrx_word' id='word_1_227' title='bbox 334 4041 421 4109; x_wconf 55' lang='lat' dir='ltr'>effectu</span> <span class='ocrx_word' id='word_1_228' title='bbox 442 4059 516 4106; x_wconf 79' lang='lat' dir='ltr'>usque</span> <span class='ocrx_word' id='word_1_229' title='bbox 539 4045 564 4093; x_wconf 84' lang='lat' dir='ltr'>in</span> <span class='ocrx_word' id='word_1_230' title='bbox 585 4054 675 4110; x_wconf 80' lang='lat' dir='ltr'>tempas</span> <span class='ocrx_word' id='word_1_231' title='bbox 697 4044 832 4094; x_wconf 82' lang='lat' dir='ltr'>modernum</span> <span class='ocrx_word' id='word_1_232' title='bbox 883 4046 966 4095; x_wconf 86' lang='lat' dir='ltr'>which</span> <span class='ocrx_word' id='word_1_233' title='bbox 978 4062 1068 4110; x_wconf 86' lang='lat' dir='ltr'>appear</span> <span class='ocrx_word' id='word_1_234' title='bbox 1080 4057 1105 4097; x_wconf 87' lang='lat' dir='ltr'>to</span> <span class='ocrx_word' id='word_1_235' title='bbox 1117 4049 1181 4099; x_wconf 73' lang='lat' dir='ltr'>hare</span> <span class='ocrx_word' id='word_1_236' title='bbox 1198 4052 1262 4100; x_wconf 86' lang='lat' dir='ltr'>been</span> <span class='ocrx_word' id='word_1_237' title='bbox 1282 4053 1308 4101; x_wconf 83' lang='lat' dir='ltr'>in</span> <span class='ocrx_word' id='word_1_238' title='bbox 1324 4051 1386 4101; x_wconf 80' lang='lat' dir='ltr'>libro</span> 
     </span>
     <span class='ocr_line' id='line_1_31' title="bbox 333 4119 1384 4187; baseline 0.011 -17"><span class='ocrx_word' id='word_1_239' title='bbox 333 4123 397 4187; x_wconf 77' lang='lat' dir='ltr'>cepit</span> <span class='ocrx_word' id='word_1_240' title='bbox 414 4119 555 4173; x_wconf 79' lang='lat' dir='ltr'>diletionem.</span> <span class='ocrx_word' id='word_1_241' title='bbox 589 4124 655 4174; x_wconf 87' lang='lat' dir='ltr'>This</span> <span class='ocrx_word' id='word_1_242' title='bbox 669 4140 721 4173; x_wconf 82' lang='lat' dir='ltr'>was</span> <span class='ocrx_word' id='word_1_243' title='bbox 733 4124 832 4173; x_wconf 79' lang='lat' dir='ltr'>written</span> <span class='ocrx_word' id='word_1_244' title='bbox 856 4138 858 4171; x_wconf 69' lang='lat'>1</span> <span class='ocrx_word' id='word_1_245' title='bbox 882 4124 1110 4177; x_wconf 77' lang='lat' dir='ltr'>Additamentoram.</span> <span class='ocrx_word' id='word_1_246' title='bbox 1140 4129 1173 4178; x_wconf 91' lang='lat' dir='ltr'>In</span> <span class='ocrx_word' id='word_1_247' title='bbox 1191 4130 1222 4178; x_wconf 91' lang='lat' dir='ltr'>B.</span> <span class='ocrx_word' id='word_1_248' title='bbox 1240 4129 1268 4180; x_wconf 89' lang='lat' dir='ltr'>C.</span> <span class='ocrx_word' id='word_1_249' title='bbox 1282 4132 1384 4182; x_wconf 85' lang='lat' dir='ltr'>anded.</span> 
     </span>
     <span class='ocr_line' id='line_1_32' title="bbox 334 4183 1385 4268; baseline 0.011 -19"><span class='ocrx_word' id='word_1_250' title='bbox 334 4199 451 4267; x_wconf 75' lang='lat' dir='ltr'>prevloua</span> <span class='ocrx_word' id='word_1_251' title='bbox 473 4207 499 4249; x_wconf 91' lang='lat' dir='ltr'>to</span> <span class='ocrx_word' id='word_1_252' title='bbox 522 4203 564 4253; x_wconf 90' lang='lat' dir='ltr'>the</span> <span class='ocrx_word' id='word_1_253' title='bbox 587 4204 727 4253; x_wconf 84' lang='lat' dir='ltr'>correction</span> <span class='ocrx_word' id='word_1_254' title='bbox 746 4204 773 4252; x_wconf 91' lang='lat' dir='ltr'>in</span> <span class='ocrx_word' id='word_1_255' title='bbox 790 4205 833 4254; x_wconf 79' lang='lat' dir='ltr'>the</span> <span class='ocrx_word' id='word_1_256' title='bbox 856 4183 859 4255; x_wconf 85' lang='grc'><strong>1</strong></span> <span class='ocrx_word' id='word_1_257' title='bbox 881 4205 963 4264; x_wconf 80' lang='lat' dir='ltr'>Wats,</span> <span class='ocrx_word' id='word_1_258' title='bbox 976 4220 999 4268; x_wconf 91' lang='lat' dir='ltr'>p.</span> <span class='ocrx_word' id='word_1_259' title='bbox 1014 4209 1071 4264; x_wconf 75' lang='lat'>747,</span> <span class='ocrx_word' id='word_1_260' title='bbox 1081 4207 1124 4257; x_wconf 90' lang='lat' dir='ltr'>the</span> <span class='ocrx_word' id='word_1_261' title='bbox 1136 4223 1203 4259; x_wconf 81' lang='lat' dir='ltr'>seme</span> <span class='ocrx_word' id='word_1_262' title='bbox 1219 4211 1347 4260; x_wconf 85' lang='lat' dir='ltr'>reference</span> <span class='ocrx_word' id='word_1_263' title='bbox 1363 4212 1385 4261; x_wconf 78' lang='lat' dir='ltr'>ia</span> 
     </span>
     <span class='ocr_line' id='line_1_33' title="bbox 333 4277 1385 4349; baseline 0.012 -23"><span class='ocrx_word' id='word_1_264' title='bbox 333 4286 395 4331; x_wconf 80' lang='lat' dir='ltr'>text.</span> <span class='ocrx_word' id='word_1_265' title='bbox 430 4277 484 4327; x_wconf 82' lang='lat' dir='ltr'>The</span> <span class='ocrx_word' id='word_1_266' title='bbox 500 4281 628 4347; x_wconf 84' lang='lat' dir='ltr'>authority</span> <span class='ocrx_word' id='word_1_267' title='bbox 639 4282 749 4331; x_wconf 79' lang='lat' dir='ltr'>referred</span> <span class='ocrx_word' id='word_1_268' title='bbox 765 4288 792 4331; x_wconf 87' lang='lat' dir='ltr'>to</span> <span class='ocrx_word' id='word_1_269' title='bbox 810 4283 832 4331; x_wconf 89' lang='lat' dir='ltr'>is</span> <span class='ocrx_word' id='word_1_270' title='bbox 856 4300 858 4341; x_wconf 71' lang='grc' dir='ltr'><strong>ῑ</strong></span> <span class='ocrx_word' id='word_1_271' title='bbox 880 4285 967 4342; x_wconf 75' lang='lat' dir='ltr'>made,</span> <span class='ocrx_word' id='word_1_272' title='bbox 986 4286 1034 4333; x_wconf 88' lang='lat' dir='ltr'>aud</span> <span class='ocrx_word' id='word_1_273' title='bbox 1054 4294 1080 4334; x_wconf 86' lang='lat' dir='ltr'>at</span> <span class='ocrx_word' id='word_1_274' title='bbox 1099 4303 1122 4349; x_wconf 91' lang='lat' dir='ltr'>p.</span> <span class='ocrx_word' id='word_1_275' title='bbox 1138 4293 1184 4336; x_wconf 74' lang='lat' dir='ltr'>lot</span> <span class='ocrx_word' id='word_1_276' title='bbox 1202 4289 1245 4338; x_wconf 87' lang='lat' dir='ltr'>the</span> <span class='ocrx_word' id='word_1_277' title='bbox 1256 4290 1343 4338; x_wconf 86' lang='lat' dir='ltr'>Letter</span> <span class='ocrx_word' id='word_1_278' title='bbox 1363 4291 1385 4340; x_wconf 82' lang='lat' dir='ltr'>is</span> 
     </span>
     <span class='ocr_line' id='line_1_34' title="bbox 333 4357 1384 4435; baseline 0.009 -25"><span class='ocrx_word' id='word_1_279' title='bbox 333 4359 437 4415; x_wconf 71' lang='lat' dir='ltr'>floresco,</span> <span class='ocrx_word' id='word_1_280' title='bbox 449 4357 493 4406; x_wconf 90' lang='lat' dir='ltr'>but</span> <span class='ocrx_word' id='word_1_281' title='bbox 504 4359 547 4409; x_wconf 91' lang='lat' dir='ltr'>the</span> <span class='ocrx_word' id='word_1_282' title='bbox 558 4362 697 4423; x_wconf 81' lang='lat' dir='ltr'>quotation,</span> <span class='ocrx_word' id='word_1_283' title='bbox 709 4377 736 4411; x_wconf 87' lang='lat' dir='ltr'>ns</span> <span class='ocrx_word' id='word_1_284' title='bbox 751 4364 832 4421; x_wconf 87' lang='lat' dir='ltr'>usual,</span> <span class='ocrx_word' id='word_1_285' title='bbox 881 4363 987 4426; x_wconf 85' lang='lat' dir='ltr'>printed,</span> <span class='ocrx_word' id='word_1_286' title='bbox 1023 4365 1168 4428; x_wconf 72' lang='lat' dir='ltr'>describing</span> <span class='ocrx_word' id='word_1_287' title='bbox 1203 4367 1246 4416; x_wconf 88' lang='lat' dir='ltr'>the</span> <span class='ocrx_word' id='word_1_288' title='bbox 1274 4368 1384 4435; x_wconf 81' lang='lat' dir='ltr'>victory,</span> 
     </span>
     <span class='ocr_line' id='line_1_35' title="bbox 333 4436 1386 4509; baseline 0.01 -22"><span class='ocrx_word' id='word_1_289' title='bbox 333 4436 353 4487; x_wconf 73' lang='grc'>11</span> <span class='ocrx_word' id='word_1_290' title='bbox 365 4442 409 4485; x_wconf 84' lang='lat' dir='ltr'>aot</span> <span class='ocrx_word' id='word_1_291' title='bbox 421 4444 501 4486; x_wconf 81' lang='lat' dir='ltr'>exact.</span> <span class='ocrx_word' id='word_1_292' title='bbox 536 4438 584 4488; x_wconf 85' lang='lat' dir='ltr'>llis</span> <span class='ocrx_word' id='word_1_293' title='bbox 594 4441 674 4488; x_wconf 78' lang='lat' dir='ltr'>words</span> <span class='ocrx_word' id='word_1_294' title='bbox 686 4454 739 4492; x_wconf 86' lang='lat' dir='ltr'>are:</span> <span class='ocrx_word' id='word_1_295' title='bbox 757 4445 771 4468; x_wconf 89' lang='grc'>“</span> <span class='ocrx_word' id='word_1_296' title='bbox 781 4441 830 4502; x_wconf 87' lang='lat' dir='ltr'>Qui</span> <span class='ocrx_word' id='word_1_297' title='bbox 855 4442 858 4509; x_wconf 73' lang='grc'><strong>1</strong></span> <span class='ocrx_word' id='word_1_298' title='bbox 881 4442 944 4490; x_wconf 82' lang='lat' dir='ltr'>trem</span> <span class='ocrx_word' id='word_1_299' title='bbox 953 4442 994 4491; x_wconf 83' lang='lat' dir='ltr'>the</span> <span class='ocrx_word' id='word_1_300' title='bbox 1007 4448 1022 4470; x_wconf 85' lang='lat'><strong>“</strong></span> <span class='ocrx_word' id='word_1_301' title='bbox 1034 4443 1110 4493; x_wconf 86' lang='lat' dir='ltr'>Liber</span> <span class='ocrx_word' id='word_1_302' title='bbox 1119 4445 1386 4498; x_wconf 83' lang='lat' dir='ltr'>Additamentorum.”</span> 
     </span>
     <span class='ocr_line' id='line_1_36' title="bbox 332 4513 1384 4591; baseline 0.013 -27"><span class='ocrx_word' id='word_1_303' title='bbox 332 4515 401 4567; x_wconf 81' lang='lat' dir='ltr'>tarde</span> <span class='ocrx_word' id='word_1_304' title='bbox 412 4513 480 4573; x_wconf 76' lang='lat' dir='ltr'>feeit,</span> <span class='ocrx_word' id='word_1_305' title='bbox 492 4515 535 4565; x_wconf 88' lang='lat' dir='ltr'>diu</span> <span class='ocrx_word' id='word_1_306' title='bbox 552 4518 659 4567; x_wconf 85' lang='lat' dir='ltr'>noluit.”</span> <span class='ocrx_word' id='word_1_307' title='bbox 694 4519 733 4568; x_wconf 90' lang='lat' dir='ltr'>De</span> <span class='ocrx_word' id='word_1_308' title='bbox 750 4520 832 4570; x_wconf 87' lang='lat' dir='ltr'>Bene·</span> <span class='ocrx_word' id='word_1_309' title='bbox 883 4520 953 4584; x_wconf 86' lang='lat' dir='ltr'>[MS.</span> <span class='ocrx_word' id='word_1_310' title='bbox 966 4522 1031 4572; x_wconf 87' lang='lat' dir='ltr'>Cott.</span> <span class='ocrx_word' id='word_1_311' title='bbox 1044 4523 1112 4572; x_wconf 86' lang='lat' dir='ltr'>Nero</span> <span class='ocrx_word' id='word_1_312' title='bbox 1123 4523 1155 4573; x_wconf 90' lang='lat' dir='ltr'>D.</span> <span class='ocrx_word' id='word_1_313' title='bbox 1168 4525 1286 4591; x_wconf 55' lang='lat' dir='ltr'>Idea]</span> <span class='ocrx_word' id='word_1_314' title='bbox 1324 4528 1384 4578; x_wconf 88' lang='lat' dir='ltr'>Itis</span> 
     </span>
     <span class='ocr_line' id='line_1_37' title="bbox 332 4592 1384 4669; baseline 0.012 -24"><span class='ocrx_word' id='word_1_315' title='bbox 332 4593 404 4653; x_wconf 75' lang='lat' dir='ltr'>tlollo,</span> <span class='ocrx_word' id='word_1_316' title='bbox 416 4592 459 4643; x_wconf 89' lang='lat' dir='ltr'>llb.</span> <span class='ocrx_word' id='word_1_317' title='bbox 478 4594 494 4645; x_wconf 92' lang='lat' dir='ltr'>l.</span> <span class='ocrx_word' id='word_1_318' title='bbox 507 4609 561 4660; x_wconf 87' lang='lat' dir='ltr'>cap.</span> <span class='ocrx_word' id='word_1_319' title='bbox 576 4603 597 4658; x_wconf 90' lang='lat' dir='ltr'>l,</span> <span class='ocrx_word' id='word_1_320' title='bbox 609 4613 632 4662; x_wconf 91' lang='lat' dir='ltr'>p.</span> <span class='ocrx_word' id='word_1_321' title='bbox 648 4603 702 4648; x_wconf 84' lang='grc'><strong>161.</strong></span> <span class='ocrx_word' id='word_1_322' title='bbox 737 4598 830 4650; x_wconf 76' lang='grc'><strong>01111).</strong></span> <span class='ocrx_word' id='word_1_323' title='bbox 880 4600 933 4648; x_wconf 88' lang='lat' dir='ltr'>also</span> <span class='ocrx_word' id='word_1_324' title='bbox 954 4601 1062 4651; x_wconf 80' lang='lat' dir='ltr'>inserted</span> <span class='ocrx_word' id='word_1_325' title='bbox 1084 4602 1111 4651; x_wconf 93' lang='lat' dir='ltr'>in</span> <span class='ocrx_word' id='word_1_326' title='bbox 1131 4604 1172 4654; x_wconf 81' lang='lat' dir='ltr'>the</span> <span class='ocrx_word' id='word_1_327' title='bbox 1194 4605 1282 4655; x_wconf 81' lang='lat' dir='ltr'>Flores</span> <span class='ocrx_word' id='word_1_328' title='bbox 1305 4607 1384 4669; x_wconf 70' lang='lat' dir='ltr'>Hae,</span> 
     </span>
    </p>
   </div>
   <div class='ocr_carea' id='block_1_11' title="bbox 331 4672 1333 4815">
    <p class='ocr_par' dir='ltr' id='par_1_14' title="bbox 331 4672 1333 4815">
     <span class='ocr_line' id='line_1_38' title="bbox 331 4672 1333 4744; baseline 0.016 -21"><span class='ocrx_word' id='word_1_329' title='bbox 331 4672 358 4724; x_wconf 92' lang='grc'>11.</span> <span class='ocrx_word' id='word_1_330' title='bbox 370 4686 424 4735; x_wconf 80' lang='lat' dir='ltr'>oap.</span> <span class='ocrx_word' id='word_1_331' title='bbox 440 4677 461 4722; x_wconf 89' lang='lat'>1.</span> <span class='ocrx_word' id='word_1_332' title='bbox 880 4678 970 4744; x_wconf 84' lang='lat' dir='ltr'>falsely</span> <span class='ocrx_word' id='word_1_333' title='bbox 979 4680 1059 4731; x_wconf 87' lang='lat' dir='ltr'>called</span> <span class='ocrx_word' id='word_1_334' title='bbox 1079 4685 1094 4712; x_wconf 84' lang='lat'><strong>“</strong></span> <span class='ocrx_word' id='word_1_335' title='bbox 1104 4683 1195 4736; x_wconf 87' lang='lat' dir='ltr'>Matth.</span> <span class='ocrx_word' id='word_1_336' title='bbox 1205 4685 1333 4738; x_wconf 82' lang='lat' dir='ltr'>Westm.”</span> 
     </span>
     <span class='ocr_line' id='line_1_39' title="bbox 363 4747 558 4815; baseline 0.031 -17"><span class='ocrx_word' id='word_1_337' title='bbox 363 4749 373 4780; x_wconf 80' lang='lat'><em>⁴</em></span> <span class='ocrx_word' id='word_1_338' title='bbox 391 4747 437 4815; x_wconf 82' lang='lat' dir='ltr'>ad]</span> <span class='ocrx_word' id='word_1_339' title='bbox 457 4751 489 4812; x_wconf 90' lang='lat' dir='ltr'>al,</span> <span class='ocrx_word' id='word_1_340' title='bbox 501 4751 558 4804; x_wconf 86' lang='lat' dir='ltr'>MS.</span> 
     </span>
    </p>
   </div>
   <div class='ocr_carea' id='block_1_12' title="bbox 0 0 1534 5468">
    <p class='ocr_par' dir='ltr' id='par_1_15' title="bbox 0 0 1534 5468">
     <span class='ocr_line' id='line_1_40' title="bbox 0 0 1534 5468; baseline 0 2"><span class='ocrx_word' id='word_1_341' title='bbox 0 0 1534 5468; x_wconf 95' lang='lat' dir='ltr'> </span> 
     </span>
    </p>
   </div>
  </div>
 </body>
</html>
