3060 5468
315 684 378 746 326
403 695 569 744 MATTHAEI
592 694 801 745 PABISIENSIS
824 695 1057 746 ABBREVIATIO
1079 698 1338 749 CHRONICORUM.

147 877 217 931 AD.
228 880 300 929 125³.
317 868 425 925 Ordine
444 868 682 935 Praedicatorum,
708 870 884 925 certificatus
910 870 1000 926 frater
1019 870 1155 926 Matheus
1176 870 1363 937 Parisionsis,

146 956 270 1007 TheLile
327 955 482 1009 memorati
519 954 610 1010 sancti
649 955 797 1010 Edmundi
821 955 912 1011 vitam
940 956 1135 1026 afidedignis
1161 955 1218 1009 sibi
1242 956 1366 1011 relatam

147 1024 284 1074 ⁰s3iffl'
320 1039 478 1110 diligenter
514 1040 694 1111 perscripsit.
733 1040 806 1096 Post
829 1058 977 1095 recessum
1001 1041 1116 1095 comitis
1142 1039 1296 1111 S[imonis]
1329 1042 1366 1097 de

148 1091 294 1221 ffignby
320 1123 483 1190 Wasconia,
511 1130 662 1196 coeperuut
687 1125 897 1181 Wasconenses
923 1125 1001 1181 bella
1021 1126 1058 1180 ad
1084 1125 1210 1180 invicem
1236 1143 1365 1191 movere,

148 1222 269 1273 Matthew
319 1210 393 1265 alter
420 1209 542 1264 alterius
569 1216 665 1265 castra
691 1209 837 1275 invadere,
863 1210 993 1265 hemines
1012 1210 1169 1280 captivare,
1189 1209 1313 1264 edificia
1334 1210 1367 1265 in

151 1289 231 1367 Paris.
320 1293 437 1349 favillas
448 1293 594 1364 redigere.
620 1294 665 1348 Ex
683 1293 789 1365 quibus
808 1294 920 1365 primus
933 1294 989 1349 suit
1001 1293 1100 1359 Gasto,
1115 1293 1248 1348 dominns
1261 1295 1366 1350 Biarre

149 1356 267 1432 Dffltfflp'
320 1384 350 1434 et
376 1377 525 1448 Peregeti,
554 1377 604 1448 qui
630 1395 662 1433 se
687 1378 837 1433 transtulit
862 1377 899 1431 ad
923 1395 1025 1448 regem
1049 1377 1211 1448 Hispaniae,
1239 1384 1273 1432 ut
1297 1377 1366 1433 inde

151 1435 275 1553 ἓξὲξ,
319 1462 500 1533 plusregem
517 1460 634 1532 Anglia
652 1461 813 1517 infestaret.
850 1462 889 1516 Et
901 1462 944 1517 sio
955 1463 1053 1517 hostes
1069 1461 1150 1530 regis
1168 1461 1367 1518 inWasconia

319 1545 470 1610 animavit,
502 1545 544 1600 ita
572 1551 606 1600 ut
641 1545 828 1617 Burdegalis,
860 1562 924 1617 quae
952 1546 1007 1601 teti
1033 1545 1194 1601 Wasceniea
1223 1545 1366 1601 victualia

150 1652 289 1719 pfivflege„
319 1630 472 1687 consuevit
500 1629 676 1695 ministrare,
708 1631 797 1700 eoepit
832 1647 929 1700 egere.
968 1630 1110 1685 Dominus
1141 1648 1191 1684 rex
1222 1632 1367 1687 concessit

150 1723 293 1786 grantedto
319 1715 450 1772 ecclesia
468 1714 504 1769 de
522 1714 688 1778 Wautham,
703 1720 733 1769 et
744 1714 934 1780 confirmavit,
955 1721 988 1769 ut
1006 1715 1233 1785 quotiescimque
1247 1715 1366 1771 domum

150 1787 276 1838 waltham
318 1800 401 1855 illam
428 1799 585 1870 eontigerit
613 1816 726 1863 vacere,
753 1805 911 1860 conventus
938 1805 999 1854 tam
1022 1799 1058 1853 de
1078 1800 1198 1854 baronia
1222 1801 1365 1869 quamde

150 1855 239 1921 ΜΨ
318 1884 550 1956 possessionibus
576 1883 707 1939 ecclesias
731 1883 853 1938 liberam
876 1884 981 1938 habeat
997 1901 1050 1953 pro
1068 1884 1217 1940 voluntate
1236 1903 1290 1940 sua
1307 1885 1366 1940 dis·

319 1969 445 2041 ponendi
464 1970 640 2024 faoultatem.
688 1968 753 2023 Duo
771 1968 891 2039 insuper
908 1973 1037 2023 mercata
1055 1973 1084 2022 ot
1102 1969 1159 2023 alia
1177 1969 1252 2022 bona
1270 1968 1365 2023 eidem

320 2054 452 2118 contulit,
482 2059 512 2108 et
542 2071 629 2124 super
656 2052 712 2106 hiis
740 2057 851 2107 cartam
878 2071 969 2117 suam,
998 2053 1068 2106 licet
1097 2053 1179 2123 prius
1205 2057 1363 2123 optentum,

151 2156 280 2220 Thema
321 2139 429 2193 iterum
466 2137 599 2193 confecit.
657 2136 732 2191 Cum
762 2136 886 2191 ecelesia
921 2137 1051 2191 Romana
1087 2138 1132 2190 sui
1169 2136 1305 2207 praesulis
1335 2141 1367 2192 et

151 2230 287 2274 returnsto
320 2221 446 2293 pastoris
476 2221 587 2275 diutius
617 2220 788 2276 viduaretur
817 2222 981 2291 praesentia,
1009 2226 1129 2292 rogatus
1157 2226 1202 2275 est
1231 2220 1367 2276 dominus

151 2287 239 2339 Eme·
322 2326 402 2379 papa
420 2307 608 2377 solempniter
626 2324 644 2360 a
662 2306 800 2361 Romanis
813 2313 846 2362 ut
858 2307 981 2361 Romam
998 2307 1117 2372 rediret,
1138 2324 1260 2377 gregem
1278 2325 1366 2363 suum

319 2409 400 2447 mere
416 2390 542 2462 pastoris
560 2390 744 2445 minaturus¹
775 2390 832 2458 Qui
843 2397 940 2445 tamen
952 2391 1112 2456 retardans,
1126 2392 1233 2446 iterum
1245 2398 1367 2447 vocatus

320 2483 365 2532 est
383 2482 413 2530 et
430 2474 617 2545 solempnius,
646 2474 701 2528 hoe
725 2474 870 2544 adjuncto,
889 2482 924 2530 ut
947 2475 1060 2530 seilicet
1086 2481 1155 2530 tune
1179 2477 1293 2530 veniret
1317 2482 1368 2532 aut

320 2577 479 2630 nunquam.
519 2557 582 2627 Quo
603 2558 712 2623 audito,
726 2558 860 2615 dominus
878 2577 953 2631 papa
971 2559 1007 2614 de
1025 2577 1107 2616 mora
1124 2560 1230 2615 timeus
1248 2559 1368 2617 trahere

320 2643 494 2718 periculum,
515 2662 532 2698 a
550 2642 673 2698 Perusio
690 2643 839 2708 recedens,
859 2643 982 2698 Romam
1000 2661 1092 2714 usque
1113 2645 1289 2714 properavit.
1326 2644 1368 2700 Et

320 2730 391 2784 licet
415 2727 447 2782 in
473 2727 567 2782 multa
584 2727 738 2783 tenebatur
755 2727 879 2798 pecunia
897 2727 1016 2792 eisdem,
1037 2745 1125 2797 quam
1142 2746 1196 2798 pro
1214 2745 1248 2782 co
1266 2735 1368 2784 contra

321 2812 523 2869 Fretherieum
553 2812 756 2881 expenderant,
786 2811 947 2883 gaudenter
971 2817 1069 2866 tamen
1090 2817 1120 2865 ct
1136 2817 1304 2867 reverenter
1328 2813 1367 2868 ab

152 2900 305 2952 Parliament
321 2898 454 2955 omnibus
474 2902 626 2967 susceptus
645 2902 698 2952 est.
734 2897 771 2950 In
796 2896 942 2966 quindena
965 2896 1095 2961 Paschae,
1116 2897 1241 2951 adunate
1259 2916 1366 2968 magno

152 2969 297 3032 melflds
322 2984 511 3055 parlamento,
540 2982 687 3053 petierunt
712 2982 828 3051 praelati
846 2981 908 3035 fere
926 2998 1025 3035 omnes
1043 2981 1164 3035 insimul
1182 2983 1364 3052 cougregati,

152 3035 302 3152 3ζᾷἒὲοθ
322 3076 356 3124 ut
374 3067 508 3122 dominus
525 3085 578 3122 rex
603 3071 697 3121 cartas
723 3083 896 3121 conservans
920 3071 950 3120 et
974 3066 1134 3128 libertates,
1163 3084 1235 3135 quas
1258 3067 1366 3137 saepius

152 3154 503 3225 osthoehflpromiserat,
523 3155 653 3205 sanctam
679 3151 799 3221 insuper
824 3150 977 3205 ecelesiam
1001 3150 1183 3221 permitteret
1208 3151 1268 3204 suis
1294 3169 1366 3221 gau·

153 3237 264 3311 tfrssend
323 3238 392 3292 dore
421 3237 616 3302 libertatibus,
648 3236 772 3290 maxime
802 3234 838 3289 de
868 3234 1057 3289 electionibus
1093 3234 1278 3304 praelatorum
1305 3241 1367 3289 tam

153 3300 289 3418 gbem‘iged
323 3321 533 3378 cathedralium
559 3320 748 3375 ecelesiarum
778 3337 865 3390 quam
892 3318 1135 3374 conventualium.
1174 3318 1244 3386 Quas
1269 3321 1368 3375 emnia

170 3382 243 3418 eman
291 3404 298 3418 '
324 3424 376 3462 rex
401 3423 432 3460 se
450 3405 647 3475 indempnitor
665 3404 887 3459 observaturum
912 3409 1086 3473 protestans,
1115 3404 1281 3457 eorumdem
1307 3423 1367 3458 una

323 3509 390 3547 cum
418 3489 483 3544 aliis
509 3489 703 3560 magnatibus,
723 3488 760 3542 ad
779 3505 839 3542 sure
857 3488 1003 3558 praecipuo
1029 3487 1272 3557 peregrinationis
1299 3488 1367 3542 sub·

324 3575 440 3639 sidium,
478 3574 658 3646 postulatum
694 3570 729 3626 de
760 3571 972 3627 contributione
1007 3573 1167 3640 reportavit
1202 3589 1364 3641 assensum.

154 3658 237 3710 (irent
248 3661 279 3710 of
285 3677 300 3712 a
325 3661 469 3716 Gonoessa
487 3664 532 3714 est
549 3658 642 3729 igitur
669 3656 734 3726 regi
753 3655 866 3710 decima
883 3672 950 3724 pars
969 3663 1163 3724 proventuum
1190 3655 1366 3710 ecclesiasti·

155 3727 233 3787 “mhi
246 3730 294 3777 ³¹¹⁶
324 3762 425 3802 corum
443 3761 496 3814 per
514 3743 682 3798 triennium.
731 3739 758 3794 A
776 3739 920 3794 militibus
938 3756 1007 3794 vero
1025 3741 1192 3809 scutagium
1210 3740 1261 3794 illo
1280 3758 1364 3804 anno,

154 3798 262 3858 muge*
324 3828 486 3884 scilicetad
504 3832 619 3882 scutum
636 3831 697 3880 tres
715 3841 829 3879 marcae.
868 3822 930 3878 Rex
949 3829 1047 3879 autem
1065 3825 1140 3878 bona
1157 3824 1213 3878 fide
1231 3824 1369 3894 promisit

323 3930 355 3968 so
374 3912 469 3966 omnia
492 3909 700 3966 inviolabiliter
718 3908 948 3973 observaturum,
975 3927 1039 3980 quae
1058 3914 1088 3964 et
1105 3909 1177 3963 alias
1196 3909 1367 3964 multotiens

320 3997 481 4067 juraverat,
502 3997 530 4048 et
559 3999 643 4064 pater
672 4010 743 4048 suus
775 3991 920 4047 Johannes
944 3993 1039 4063 primo
1058 3992 1227 4046 affirmabat.
1264 3992 1303 4046 Et
1332 4000 1368 4049 ut

323 4079 462 4135 certiores
481 4077 584 4133 fierent
601 4077 637 4131 de
654 4076 807 4147 promisso,
827 4077 966 4149 praecepit
984 4095 1072 4148 super
1089 4078 1144 4131 hoe
1162 4077 1369 4146 inpraesentia

322 4181 376 4220 sua
394 4162 566 4218 sententiam
589 4161 714 4233 proferri
732 4161 763 4215 in
780 4160 919 4231 publico.²
962 4160 1045 4231 Quod
1063 4167 1093 4216 et
1111 4161 1219 4216 facturn
1238 4167 1291 4224 est,
1310 4161 1367 4219 hoe

321 4247 415 4303 modo.

356 4543 524 4609 ¹mz'nctante]
534 4542 725 4607 gubernaturus,
734 4541 821 4593 Floras
900 4542 910 4574 2
925 4543 1036 4609 publico]
1055 4544 1191 4607 publicum,
1208 4543 1275 4593 Hisl.
1293 4546 1367 4609 Anpl.

322 4624 391 4676 Hac.
868 4625 918 4672 and
930 4622 1015 4672 Floras
