3060 5474
384 701 431 748 na
453 699 612 749 runrouu
634 698 735 748 auo1s
758 700 905 751 anunm
927 700 1051 750 rauna
1171 689 1234 753 249

128 853 133 862 Ι
188 884 305 949 poterat
325 877 368 934 eis
390 877 562 949 suffragari,
583 884 613 934 et
631 878 709 949 quod
726 878 847 934 baberet
865 878 984 934 brachia
1001 878 1088 950 plena
1104 879 1136 933 in
1152 878 1236 934 brevi
1247 877 1320 931 AD.
1333 882 1404 930 1224.

189 963 227 1018 de
240 979 349 1034 guerra
360 962 392 1018 in
403 962 531 1033 Anglia3
553 969 584 1018 et
601 962 679 1033 quod
694 964 869 1035 praemunita
888 969 956 1019 suut
973 964 1082 1035 optime
1100 962 1235 1034 quadam

112 1053 115 1056 ⁴
189 1052 292 1101 contra
317 1064 385 1103 eum
412 1046 543 1110 castella,
571 1064 696 1118 qnorum
722 1047 851 1119 primum
875 1047 972 1103 fuerat
994 1053 1123 1103 castrum
1141 1047 1235 1102 Bede-

31 1714 77 1764 fol.
90 1719 125 1765 54
135 1713 159 1763 b.

189 1131 302 1196 fordiae,
322 1130 401 1203 quod
419 1148 486 1186 eum
504 1148 557 1202 per
575 1149 665 1185 unum
689 1130 727 1185 ad
751 1130 849 1186 minus
873 1149 981 1186 anuum
999 1131 1151 1186 detinebit.
1188 1129 1404 1186 In-Movemeuts

189 1214 278 1268 terim
304 1220 456 1285 magnates
484 1212 580 1283 regui,
606 1231 732 1284 quorum
758 1213 846 1269 corda
870 1220 1111 1285 exasperaverant
1129 1232 1182 1269 rex
1206 1196 1404 1314 elffisrebi'l

190 1316 263 1352 suus
286 1297 481 1368 justiciarius,
507 1297 673 1353 discurrent
699 1315 757 1353 non
783 1298 932 1369 segniter¹
958 1317 1056 1354 omnes
1084 1299 1236 1370 circumja-
1341 1301 1347 1315 ’

190 1387 288 1437 centes
306 1383 481 1453 provincias,
502 1387 533 1437 et
550 1387 760 1453 consequenter
783 1388 878 1438 totum
901 1401 1027 1454 regnum
1044 1385 1235 1455 occupabunt.

191 1462 242 1520 Sio
272 1466 350 1520 enim
378 1466 572 1537 praelocutum
599 1467 697 1521 fuerat
721 1476 752 1522 et
780 1468 1024 1538 praciroinatum.
1068 1467 1152 1536 Quod
1170 1486 1238 1523 cum

191 1551 341 1605 audissent
365 1568 416 1604 rex
446 1556 477 1606 et
506 1551 592 1621 regui
617 1551 772 1637 optimates
799 1553 958 1617 naturales,
989 1552 1237 1610 inconsolabiliter

191 1635 355 1692 doluerunt.
399 1637 454 1692 Est
479 1637 557 1691 euim
584 1638 711 1709 Rupella
736 1639 874 1695 introitus
901 1644 931 1694 et
956 1640 1060 1703 exitus,
1087 1639 1179 1694 clavis
1207 1645 1347 1710 etInpor-

190 1721 336 1785 conclave,
363 1727 466 1793 portua
494 1725 524 1775 et
548 1731 633 1793 porta
659 1723 744 1792 regui
768 1721 927 1794 Anglicaui
952 1728 982 1778 et
1002 1723 1153 1787 Pictaviae,
1185 1724 1236 1778 ubi
1249 1713 1369 1806 ΝΜ(

190 1823 277 1876 reges
297 1848 303 1860 .
326 1847 333 1860 .
356 1847 362 1860 .
382 1806 547 1877 regionum,
568 1824 634 1877 quae
658 1807 800 1862 orientem
826 1812 878 1862 aut
903 1814 1037 1864 austrum
1062 1808 1234 1879 respiciunt,
1248 1780 1381 1833 R⁰⁰h⁸¹k⁰

189 1890 337 1960 applicare
358 1931 365 1944 .
387 1930 394 1944 .
415 1931 422 1945 .
442 1891 493 1945 via
515 1890 617 1946 hostili
634 1891 778 1962 repagulo
797 1932 804 1945 .
826 1933 834 1946 .
855 1932 862 1947 .
882 1897 944 1947 tam
961 1893 1128 1948 incivitate
1148 1910 1237 1963 quam

179 1976 311 2041 ,castallo
336 2018 343 2030 .
365 2017 371 2030 .
393 2018 400 2030 .
425 1983 456 2032 et
482 1976 656 2038 servientes,
686 1976 736 2047 qui
764 1976 868 2032 crebro
891 1977 1112 2043 subsannantes,
1142 1978 1237 2033 Picta·

190 2059 320 2125 venses,²
337 2066 367 2115 et
384 2061 511 2116 maxime
529 2059 747 2132 Rupellenses,³
764 2061 946 2132 repulerunt,
968 2065 998 2116 et
1019 2062 1055 2117 de
1072 2060 1237 2133 proditioue

191 2144 421 2216 improperantes
446 2145 682 2216 angariaverunt.
722 2144 772 2201 Sic
797 2145 840 2199 sio
863 2144 958 2216 igitur
980 2163 1032 2200 rex
1058 2145 1238 2202 Francorum

192 2229 255 2283 sine
273 2228 336 2283 ulla
353 2228 507 2300 sauguinis
526 2228 676 2294 effusione,
696 2229 733 2283 de
751 2228 879 2284 maxima
896 2234 979 2301 parte
997 2229 1138 2285 Pictavioe
1156 2248 1238 2286 secu·

190 2312 279 2368 ritate
298 2319 443 2383 suscepta,
458 2313 588 2384 gaudens
607 2313 644 2367 ad
662 2312 782 2384 propria
797 2314 950 2378 remeavit,
964 2313 1000 2368 de
1018 2314 1238 2370 Pictavensium

191 2396 356 2467 proditione
375 2397 462 2452 solita
480 2396 668 2451 subridendo.
705 2396 856 2451 Paridem
873 2401 990 2469 tempus
1010 2439 1016 2452 .
1038 2440 1045 2452 .
1067 2440 1073 2452 .
1095 2440 1102 2453 .
1123 2405 1154 2454 et
1170 2400 1238 2455 aliis

190 2480 339 2535 nobilibus
357 2480 452 2551 regni,
473 2479 510 2534 de
533 2481 661 2551 negotiis
688 2481 855 2536 tractaturi.
892 2481 997 2537 Voluit
1020 2482 1098 2537 enim
1124 2501 1185 2546 rex,
1205 2481 1358 2538 utconucil

192 2564 317 2627 dicebat,
337 2565 382 2619 uti
400 2582 436 2619 ex
462 2569 531 2620 tuno
556 2565 674 2635 penitus
693 2565 816 2620 consilio
841 2571 1013 2636 magnatum
1031 2584 1151 2623 suorum
1169 2568 1238 2623 fide·
1250 2548 1355 2626 heldl‘l'

191 2648 265 2703 lium
295 2648 332 2702 da
361 2648 449 2702 terris
479 2648 690 2712 transmarinis,
719 2666 792 2719 quas
819 2665 871 2703 rex
897 2649 1087 2715 Francorum,
1116 2651 1152 2705 de
1180 2615 1376 2722 quofflekmss’

191 2734 267 2787 bona
285 2736 455 2804 speraverat
472 2750 504 2787 se
522 2738 723 2804 accepturum,
744 2732 781 2786 de
800 2750 857 2804 quo
875 2733 953 2788 mala
969 2751 1023 2805 pro
1040 2735 1125 2790 bonis
1144 2736 1238 2791 doluit

190 2817 376 2888 reaccipisse,
406 2813 649 2887 [occupaverat].⁴
705 2815 838 2871 Fuerunt
867 2817 968 2871 eodem
998 2825 1129 2890 tempore
1160 2820 1238 2890 apud

191 2899 398 2972 Dunstapliam
414 2899 595 2971 justiciarii⁸
613 2899 796 2965 itinerantes,
810 2898 955 2955 Martinus
976 2942 982 2955 .
1005 2943 1011 2955 .
1033 2943 1039 2955 .
1060 2902 1238 2957 dissaisiua.⁶

192 2984 276 3038 Unda
303 2984 456 3038 Falcusius
481 2985 559 3038 inter
586 2984 661 3038 alios
680 2983 731 3047 ibi,
753 2984 804 3054 qui
822 2982 930 3037 multos
949 2984 1128 3056 spoliaverat
1145 2992 1175 3040 et
1195 2987 1237 3040 in·

187 3069 269 3139 juste
291 3069 548 3140 depauperaverat,
570 3068 677 3123 cecidit
694 3068 725 3121 in
739 3109 861 3122 .....
883 3069 961 3123 sicut
980 3074 1128 3134 consueto,
1147 3070 1238 3140 jussit

194 3195 223 3207 ..
245 3192 252 3205 .
274 3195 280 3206 .
298 3151 479 3223 justiciarios
498 3156 636 3222 caperent
653 3156 837 3216 memoratos,
858 3158 945 3222 atquc
966 3193 972 3205 .
995 3194 1000 3206 .
1024 3194 1029 3205 .
1051 3154 1235 3207 carceralem.

192 3236 210 3290 J
215 3236 359 3291 usticiarii
377 3253 447 3291 vero
471 3236 569 3290 talia.
591 3277 597 3289 .
619 3275 627 3288 .
647 3235 785 3291 fortuitus
811 3236 920 3307 raptim
946 3236 1117 3292 deducebat.
1155 3237 1238 3292 Inter

192 3340 265 3390 (luce
285 3363 292 3375 .
314 3362 322 3375 .
343 3363 350 3375 .
372 3365 379 3375 .
396 3363 402 3374 .
417 3321 608 3391 mancipatus.
646 3320 775 3375 Rumore
788 3319 881 3390 igitur
893 3320 1055 3391 divulgato,
1067 3322 1149 3376 venit
1166 3340 1238 3377 uxor

192 3404 324 3473 ejusdem
349 3404 473 3459 Henrici
499 3446 505 3458 .
527 3446 534 3459 .
556 3446 564 3458 .
589 3404 723 3468 concilio,
743 3403 779 3457 de
804 3404 914 3475 injuria
937 3405 1002 3459 viro
1030 3423 1083 3461 suo
1108 3406 1239 3477 irrogata

192 3508 259 3544 oum
284 3490 414 3545 lacrimis
440 3489 590 3559 quarelam
615 3488 758 3558 deposuit.
808 3490 850 3544 At
874 3506 972 3544 omnes
993 3531 1236 3547 .........

193 3576 326 3630 obsessos
354 3574 685 3629 excommunicaverunt.
732 3572 816 3640 Quod
834 3578 930 3629 tamen
949 3581 1016 3630 aute
1034 3575 1238 3646 multipliciter

192 3665 425 3729 promeruerunt.
470 3659 543 3712 Erat
567 3657 645 3711 enim
669 3656 744 3711 illud
775 3663 903 3712 castrum
927 3658 1065 3729 spelunca
1091 3659 1238 3714 latronum

192 3750 221 3797 ct
247 3762 372 3798 caverna
395 3743 575 3812 regulorum.
626 3739 709 3809 Quod
736 3742 844 3796 factum
869 3749 914 3797 est
941 3784 947 3796 .
976 3783 984 3796 .
1011 3784 1046 3797 ..
1068 3785 1075 3797 .
1097 3785 1104 3797 .
1127 3786 1133 3798 .
1153 3752 1238 3800 noctu

191 3829 385 3883 continuatus.
432 3826 469 3879 In
488 3843 545 3896 quo
562 3825 719 3880 certamino
745 3824 803 3879 duo
829 3826 951 3891 nobiles,
971 3832 1078 3897 prater
1108 3828 1237 3897 plebeios

192 3921 221 3967 et
250 3912 398 3982 vulgares,
430 3912 589 3980 perierunt.
639 3908 768 3962 Tandem
796 3949 805 3963 .
832 3950 840 3963 .
874 3951 880 3963 .
914 3952 921 3964 .
950 3951 957 3964 .
991 3952 997 3965 .
1031 3953 1038 3966 .
1070 3913 1236 3984 cupiebant,

192 4014 292 4052 omues
318 3995 451 4049 incendio
474 3994 585 4065 pariter
609 3993 863 4063 consumpsissent.
909 3994 1037 4050 Tandem
1067 4037 1235 4054 .....

191 4082 385 4154 postularunt.
425 4079 483 4134 Sed
501 4077 642 4149 quiahoc
662 4077 750 4132 nimis
769 4095 834 4132 sero
856 4118 863 4131 .
885 4120 892 4133 .
913 4119 920 4131 .
940 4078 1058 4134 addicti.
1097 4080 1238 4154 Suspensi

192 4171 261 4222 sunt
285 4165 378 4235 igitur
404 4165 481 4219 inter
500 4203 620 4217 .....
641 4179 660 4216 a
683 4168 762 4217 terra
780 4162 878 4218 librati
896 4169 973 4226 sunt,
994 4164 1046 4219 sed
1069 4184 1126 4221 non
1144 4185 1237 4238 usque

192 4248 229 4303 ad
247 4253 371 4301 mortem
389 4245 436 4298 vel
459 4243 674 4313 jugulationem
698 4244 841 4314 suspensi.
879 4244 1025 4300 Henricus
1052 4263 1122 4300 vcro
1142 4288 1148 4301 .
1170 4290 1177 4301 .
1199 4290 1206 4302 .
1228 4291 1235 4304 .

229 4423 235 4454 ¹
253 4421 371 4487 eeynitcr]
393 4418 503 4482 signiter,
514 4415 571 4466 MS.
769 4416 779 4447 ⁵
789 4417 938 4482 justiciarii]
971 4417 1025 4468 The
1053 4419 1108 4468 first
1130 4420 1236 4484 syllable

229 4502 239 4533 2
257 4499 428 4564 pictavenses]
447 4498 614 4556 Pictaventes‚
625 4495 682 4547 MS.
735 4496 855 4546 hasbeen
868 4497 961 4547 erased

231 4584 242 4615 ³
259 4579 433 4645 Rupellenses]
453 4576 623 4640 Rupellentee,
636 4574 692 4624 MS.
769 4576 779 4608 ⁶
796 4575 938 4642 dissaisitio]
958 4576 1140 4639 disserentis,

230 4658 443 4725 *occupareroq
474 4655 596 4718 Supplied
629 4653 693 4702 from

196 4742 263 4793 Hiar.
276 4738 349 4801 Arpi.
