3060 5474
323 682 365 754 76
449 700 618 751 uernum
642 702 854 755 mmsruusrs
877 706 1044 758 mercum
1066 706 1264 762 rusiorum

153 972 222 1025 nu.
239 980 308 1027 1250.
366 970 417 1036 Dc
440 970 575 1039 bruelio
598 974 712 1041 eunuc·
734 975 921 1044 llclmumli
944 978 1146 1064 confessoris
1168 981 1317 1049 crlrociso.l

153 1131 312 1182 Thermos
365 1129 464 1192 Anno
498 1130 559 1194 sub
593 1131 707 1196 eodem
730 1133 883 1198 monachi
907 1134 1176 1203 Pontiniecenses
1206 1160 1290 1204 cusu
1325 1145 1359 1204 te

151 1198 458 1316 {ffindmernrio
481 1229 651 1297 brachium
675 1233 766 1299 beati
788 1237 932 1322 corporis
954 1239 1060 1303 sancti
1084 1238 1262 1320 Edmundi,
1285 1241 1371 1306 Cun-

151 1332 282 1449 fflgof
321 1330 497 1397 moriensis
542 1334 776 1423 archiepiscopi
813 1342 847 1402 ei
884 1338 1083 1417 confessoris,
1124 1343 1268 1408 nescitur
1306 1366 1373 1429 que

151 1464 282 1530 Pontigni,
321 1433 591 1513 consideratione,
630 1438 719 1523 quod
756 1439 847 1505 Deus
885 1447 1096 1507 conservarat
1133 1443 1372 1532 incorruptum,

151 1531 286 1650 4²ng
321 1534 540 1604 absciderunt.
587 1536 658 1603 Deo
681 1540 784 1626 igitur
807 1542 944 1628 proinde
965 1543 1060 1624 irato,
1084 1551 1252 1611 cessarunt
1273 1546 1373 1612 miru-

150 1663 218 1716 m
320 1636 395 1702 culo
417 1637 541 1704 ibidem
564 1644 604 1705 ut
626 1641 718 1728 prius
740 1642 903 1710 celebrari.

457 1897 506 1963 Dc
528 1898 753 1966 horribilibus
775 1907 805 1967 et
827 1900 939 1967 uariis
963 1902 1236 1989 teutpertutiluu?

148 2053 268 2107 Horrible
364 2048 523 2134 Tempore
556 2071 687 2137 quoque
718 2050 780 2115 sub
813 2051 927 2116 eodem
959 2053 1142 2139 dampnosa
1172 2054 1206 2118 in
1230 2053 1371 2120 diversis

147 2119 269 2242 fflf'
319 2149 398 2214 locis
433 2152 624 2237 mugierunt
657 2152 830 2230 tonitrua;
864 2152 997 2242 fulguru
1027 2177 1138 2219 mur0⁸
1167 2157 1311 2221 iunium
1335 2163 1370 2224 ei

317 2253 434 2319 robora
468 2253 614 2318 maxims
649 2253 861 2340 dissiparunt,
885 2262 920 2321 ei
952 2255 1187 2322 inundationes
1209 2257 1370 2345 pluviales

316 2355 388 2420 vias
411 2354 520 2420 invius
542 2355 767 2433 reddiderunt,

404 2629 411 2641 '
449 2616 657 2683 iudeorum
679 2615 829 2703 pccuuiu
852 2616 894 2682 ub
916 2615 993 2683 illis
1015 2622 1233 2702 retorquetur.

147 2761 285 2842 Th⁰J⁰⁸t⁸
360 2763 485 2829 Diebus
517 2785 646 2850 quoque
679 2764 741 2828 sub
764 2763 886 2828 eisdem
917 2767 990 2828 tots
1022 2762 1099 2841 fere,
1122 2784 1220 2848 quarn
1243 2763 1368 2830 habue-

145 2829 302 2957 ffirigffly
314 2871 395 2930 runt
416 2866 440 2931 J
442 2867 538 2946 edici,
563 2867 703 2952 pecunie
736 2866 779 2931 ub
814 2864 935 2930 eisdem
967 2871 1018 2929 esi
1043 2869 1182 2931 extorts.
1229 2864 1369 2932 Verum-

147 2961 282 3026 butpitieo
315 2972 427 3032 tumen
450 2968 513 3055 ipsi
536 2968 620 3033 nulli
643 2967 847 3033 miserabiles
862 2967 1058 3043 extiterunt,
1074 2967 1152 3052 quia
1167 2968 1207 3032 de
1223 2968 1367 3036 falsitate

145 3027 293 3092 bynsone.
313 3074 486 3147 curiarum,
510 3070 690 3158 sigillorum
727 3076 763 3135 ei
796 3073 937 3134 moneiae
971 3067 1084 3133 crebro
1119 3068 1269 3134 convinci
1292 3093 1367 3156 pro·

311 3172 428 3238 batum
463 3178 514 3237 esi
548 3173 637 3259 ipsos
668 3169 792 3250 fuisse,³
814 3176 914 3257 eique
949 3169 1171 3236 manifestum.
1218 3170 1366 3251 Quorum

312 3275 458 3340 facinora
480 3280 645 3341 tractatus
667 3275 809 3361 exigunt
832 3271 1039 3339 diffusiores.⁴

348 3528 396 3594 Dc
418 3528 565 3615 quodum
587 3527 764 3604 Armenio,
788 3527 850 3614 qui
872 3528 969 3614 uprrd
991 3527 1159 3596 Selicium
1187 3530 1334 3596 Yuouem

795 3629 887 3696 obiit.

141 3795 299 3848 Desthofan
355 3781 453 3847 Anno
477 3802 606 3867 quoque
628 3780 689 3844 sub
712 3779 826 3844 eodem
848 3783 917 3845 tres
938 3779 1056 3845 fratres
1078 3779 1237 3858 Armenii,
1254 3785 1362 3845 exter-

140 3862 283 3994 ffiffi
311 3883 413 3947 minio
437 3884 650 3948 Turterorum
673 3881 810 3968 effugati
835 3881 876 3946 de
898 3882 1049 3968 pertibus
1071 3881 1248 3961 natalibus,
1263 3903 1362 3947 vene-

141 3995 178 4048 St„
190 3997 256 4047 lues.

344 4165 352 4197 ¹
370 4165 479 4231 absciso]
499 4164 592 4225 abciso,
604 4165 660 4217 MS.
857 4164 929 4215 bable
952 4164 1008 4215 thui
1026 4165 1069 4215 the
1089 4170 1144 4215 text
1164 4164 1302 4231 originally
1320 4181 1361 4217 re·

342 4244 435 4295 ²This
463 4245 555 4304 rubrio,
579 4244 642 4293 with
665 4245 708 4294 the
731 4243 811 4293 entire
855 4243 938 4294 ferred
951 4252 977 4294 to
988 4243 1040 4294 thir
1052 4243 1158 4307 subject,
1174 4261 1203 4294 us
1220 4245 1315 4296 related
1332 4245 1360 4295 in

307 4325 410 4389 chapter
422 4323 497 4387 (with
513 4324 556 4374 the
574 4322 708 4386 exception
725 4323 755 4372 os
768 4322 811 4372 the
855 4322 885 4372 B.
899 4322 928 4373 C.
942 4325 994 4384 (ed.
1007 4323 1088 4381 wate,
1100 4338 1124 4386 p.
1138 4326 1209 4387 778).

307 4407 361 4456 first
370 4406 426 4455 four
439 4405 542 4468 words),
554 4403 576 4450 is
588 4403 687 4452 written
700 4417 761 4451 over
778 4418 809 4451 au
887 4400 897 4432 ³
907 4402 1006 4467 fuisse]
1027 4403 1119 4452 Added
1131 4402 1158 4450 in
1170 4419 1249 4467 marg.

307 4500 415 4538 erasure.
450 4484 481 4533 ln
492 4483 535 4533 the
547 4483 626 4531 lower
638 4483 735 4547 margin
755 4482 810 4531 isa
887 4482 1039 4530 ⁴tructatur
1067 4482 1168 4546 exiprmt
1198 4482 1356 4549 Μυήσιοι]

307 4566 427 4629 plrrmmet
456 4572 521 4622 note,
543 4561 708 4625 “liapsilitas
731 4561 808 4625 regim
854 4561 894 4611 On
918 4577 950 4610 sn
973 4576 1081 4610 erasure.
1116 4561 1203 4610 Fuller
1229 4561 1305 4611 detail
1335 4562 1358 4612 ir

307 4660 401 4694 incussi
413 4642 574 4693 abbreviatur
585 4642 609 4697 ;''
626 4643 676 4692 und
688 4641 709 4690 it
720 4641 741 4690 is
751 4656 809 4705 pro·
853 4641 928 4705 given
940 4640 967 4689 in
980 4641 1010 4691 B.
1021 4640 1048 4691 C.
