3060 5468
315 688 380 752 332
408 701 573 751 MATI'HAEI
597 700 809 750 PARISIENSIS
831 698 1057 749 ABBREVIATIO
1080 699 1341 750 CHRONICORUM.

146 873 624 944 A.n.1aseapplioueruntnaves
644 873 778 944 quaedam
801 873 1001 937 barbarorum,
1026 873 1108 928 rabie
1126 879 1282 929 ventorum
1299 871 1365 943 agi·

147 955 391 1025 S0m0⁸hi12⁸tatus,
411 978 525 1031 magnae
543 959 663 1031 quidem
681 966 711 1014 et
729 959 887 1029 elegantes,
906 960 1012 1029 quibus
1031 977 1089 1013 non
1103 964 1172 1013 sunt
1183 959 1255 1013 visae
1272 976 1365 1030 penes

146 1031 262 1138 famei}
312 1065 365 1100 nos
384 1046 560 1109 consimiles,
580 1046 768 1101 armamentis
786 1045 938 1100 navalibus
966 1051 996 1100 et
1022 1045 1146 1109 bellicis,
1172 1045 1364 1101 victualibus·

145 1103 271 1205 smmis
314 1148 369 1199 que
395 1129 569 1185 omnimodis
596 1130 789 1185 communitas.
828 1128 867 1182 Et
894 1129 1025 1199 appulsae
1052 1139 1121 1183 sunt
1147 1146 1205 1183 non
1230 1129 1319 1198 longe
1348 1147 1365 1183 a

145 1221 270 1270 unknown
312 1213 470 1268 Berewico.
508 1214 632 1268 Etcum
650 1213 913 1283 interrogarentur,
929 1212 1048 1283 quinam
1067 1211 1187 1266 essentiJ
1206 1213 1365 1266 noluerunt

146 1296 260 1354 munifl-
312 1296 359 1350 vel
378 1298 451 1351 sorte
470 1298 636 1351 nescierunt
654 1296 881 1367 intelligibiliter
899 1297 1044 1360 intimare,
1065 1296 1126 1366 qui,
1140 1314 1202 1360 cnr,
1216 1295 1304 1359 unde,
1316 1295 1366 1350 val

313 1382 440 1452 qualiter
465 1383 660 1438 advenissent.
698 1383 761 1438 Neo
785 1383 920 1454 linguam
945 1400 1046 1437 eorum
1064 1382 1172 1452 aliquis
1191 1400 1226 1435 ex
1243 1381 1364 1437 ballivis

313 1468 465 1532 intellexit,
493 1468 570 1523 unde
595 1469 746 1539 permissa
772 1474 840 1523 sunt
864 1468 895 1523 in
919 1486 989 1538 paee
1013 1467 1158 1522 recedere.
1194 1467 1277 1522 Visae
1295 1472 1365 1522 sunt

148 1555 262 1619 Attempt
275 1555 304 1604 of
314 1552 401 1607 etiam
414 1553 479 1606 aliae
491 1553 566 1607 tales
578 1571 667 1607 naves
680 1569 770 1623 supra
781 1570 870 1607 marc.
911 1552 1001 1606 Gasto
1012 1552 1047 1606 dc
1056 1553 1170 1614 Biarre‚
1183 1556 1365 1622 congregata

147 1622 241 1671 (luston
253 1623 283 1670 ⁰f
313 1637 441 1691 hostiurn
460 1637 540 1707 regis
559 1637 759 1700 multitudine,
780 1642 890 1692 temere
915 1637 1102 1707 attemptavit
1119 1636 1270 1692 civitatem
1288 1635 1363 1690 Bao·

146 1689 229 1803 302³?
242 1696 267 1738 ω
312 1720 368 1775 niae
387 1720 525 1775 seditiose
544 1728 574 1775 et
590 1720 739 1775 hostiliter
757 1720 877 1786 intrare,
898 1737 1020 1791 eamque
1039 1720 1095 1775 sibi
1121 1737 1272 1790 occupare.
1309 1720 1366 1775 Est

146 1771 275 1886 Rupilium
313 1810 411 1858 autem
441 1804 552 1859 Baonia
583 1801 732 1875 [civitas]¹
764 1804 820 1858 sita
850 1822 940 1875 supra
969 1821 1058 1867 mare,
1088 1804 1215 1859 secunda
1243 1803 1276 1857 in
1302 1808 1366 1858 tota

313 1889 475 1943 Wasconia.
536 1888 595 1944 Sed
624 1888 760 1960 plerique
791 1887 826 1942 de
857 1888 971 1943 civibus
1002 1888 1143 1958 quosdam
1174 1887 1364 1942 admittentes

313 1973 348 2026 ele
376 1973 508 2027 hostibus
536 1973 626 2043 regis,
657 1973 726 2041 quia
754 1978 784 2026 et
815 1972 873 2043 ipsi
903 1989 971 2026 enm
999 1972 1129 2037 oderant,
1161 1971 1365 2042 comprehensi

148 2059 228 2109 laath
241 2061 272 2109 of
314 2063 381 2110 suunt
407 2075 459 2127 per·
487 2057 566 2127 regis
592 2057 702 2120 fideles,
723 2062 838 2110 etcum
857 2056 923 2110 aliis
948 2056 1145 2127 proditoribus
1169 2055 1274 2127 puniti.
1314 2054 1365 2110 Jo-

146 2126 216 2218 ds'hn
229 2127 300 2175 ΗΜ·
313 2141 423 2195 hanues
453 2140 599 2202 Hansard,
631 2157 689 2193 non
719 2139 842 2193 ultimus
872 2139 948 2194 inter
985 2141 1112 2210 partium
1148 2139 1365 2209 aquilonarium

146 2194 211 2240 ‘md'
237 2269 242 2282 .
314 2223 477 2293 optimates,
510 2223 582 2277 obiit
611 2223 642 2275 in
669 2208 861 2292 expeditione,
900 2224 1002 2277 funere
1039 2220 1176 2294 geneali.⁹
1223 2223 1365 2279 Cessante

146 2271 293 2400 Ymugfflhe
314 2313 411 2360 autem
431 2306 550 2376 frigoris
569 2305 735 2375 asperitate,
758 2324 822 2376 quse
840 2308 901 2360 fere
919 2313 981 2361 tota
992 2307 1044 2361 illa
1061 2308 1165 2378 hyeme
1178 2307 1366 2363 inhorruerat

147 2403 225 2453 θροις,
236 2404 287 2452 and
315 2390 489 2453 continuata,
510 2395 590 2442 tenta
608 2388 708 2441 ovium
721 2393 751 2442 et
763 2388 892 2442 serarum
904 2391 996 2460 pestis
1014 2392 1190 2461 sequebatur
1201 2391 1364 2456 mortifera,

146 2484 227 2535 game-
314 2482 347 2527 ut
365 2473 454 2526 ovilia
472 2472 585 2534 ovibus,
606 2471 719 2524 foresta
739 2471 809 2526 seris
828 2480 1030 2527 vacuarentur.
1068 2475 1105 2528 In
1123 2474 1248 2545 copiosis
1266 2480 1366 2529 autem

147 2560 273 2610 Letterof
315 2557 456 2628 gregibus
486 2557 535 2609 uix
566 2574 633 2627 pars
659 2555 783 2609 dimidia
812 2564 985 2611 remaneret.
1024 2557 1167 2613 Dominus
1194 2576 1271 2629 papa
1296 2577 1365 2613 con·

147 2626 301 2692 P0P⁰1¹²¹¹⁰·
315 2640 445 2696 siderans
464 2640 600 2694 liberales
620 2644 697 2694 artes
712 2639 776 2711 jam
794 2639 825 2692 in
849 2640 1052 2696 mechanicas³
1080 2641 1170 2696 fuisse
1197 2659 1279 2711 piano
1298 2659 1366 2696 cou-

146 2692 302 2826 {duliae
313 2743 413 2780 versas
433 2731 553 2797 propter
571 2725 696 2788 lucrum,
717 2722 974 2794 adolescentesque
996 2730 1080 2780 estate
1105 2731 1135 2780 et
1153 2725 1275 2782 scientia
1292 2726 1366 2781 satis

147 2829 264 2892 ,mayor
314 2810 462 2881 simplices
487 2808 640 2864 cathedras
664 2807 821 2862 ascendere
845 2807 965 2879 indigne
990 2809 1186 2880 magistrales,
1207 2814 1240 2865 ut
1257 2809 1365 2866 elevati

147 2895 243 2945 seeular
314 2901 454 2957 tumeant,
482 2901 512 2947 et
537 2892 606 2947 faeti
624 2891 852 2947 venerabiliores
881 2893 942 2947 sine
962 2893 1150 2948 fundamento
1174 2893 1211 2948 ad
1236 2893 1367 2948 eulmina

146 2963 194 3040 ΙΨ
205 2964 255 3011 and
315 2978 455 3033 scandant
480 2976 612 3041 celsiora,
639 2975 759 3046 scripsit
786 2976 950 3046 elegantem
976 2995 1063 3047 super
1081 2977 1137 3031 hoe
1156 2977 1309 3048 epistolam
1328 2976 1366 3032 ad

146 3043 250 3080 ⁵⁰¹⁰noe‘
314 3081 413 3116 omnes
439 3062 576 3132 praelatos
606 3060 636 3114 in
661 3060 763 3130 regnis
788 3059 929 3123 Franeiae,
948 3060 1076 3130 Angliae,
1097 3059 1217 3125 Scoeiae,
1237 3060 1363 3125 Walliss,

314 3146 476 3217 Hispania,
505 3151 534 3199 et
561 3144 724 3213 Hungariae
755 3145 938 3209 constitutos,
971 3143 1087 3198 salubre
1112 3144 1271 3214 previdens
1299 3163 1366 3199 eon·

315 3231 412 3284 silium
445 3237 474 3284 et
505 3226 698 3283 conveniens*
731 3234 832 3282 eontra
867 3227 1035 3297 hujusmodi
1072 3228 1260 3283 indiscretam
1290 3247 1365 3298 prae·

315 3313 517 3383 sumptionem.
555 3311 648 3379 Quam
667 3310 737 3364 alibi
757 3311 875 3365 sedulus
899 3313 1006 3381 poterit
1030 3312 1184 3382 indagator
1211 3313 1364 3382 reperire.⁵

149 3398 249 3460 Robert,
259 3400 299 3461 bp.
315 3397 471 3467 Cogitante
490 3413 565 3466 papa
584 3394 762 3458 Innocentio,
783 3401 816 3448 ut
834 3395 1012 3464 generaliter
1025 3394 1142 3459 dicitur,
1157 3414 1223 3450 ossa
1235 3396 1366 3469 episcopi

148 3465 177 3512 ⁰s
185 3465 525 3535 Li¹¹⁰⁰¹¹¹2Lincolniensis
545 3477 666 3531 Roberti
685 3482 766 3531 extra
779 3476 930 3532 ecelesiam
942 3478 1108 3548 projicere‚⁶
1126 3488 1210 3534 noete
1229 3480 1365 3550 sequenti

148 3539 301 3660 ἷὶἓζωὲἑὲ,
314 3564 450 3637 apparuit
468 3564 495 3617 ei
514 3562 593 3616 idern
606 3562 769 3631 episcopus,
789 3567 823 3615 ut
841 3560 958 3625 dieitur,
972 3563 1185 3632 pontificalibus
1199 3562 1364 3627 redimitus,

148 3663 269 3714 centina
314 3650 457 3719 vultuque
488 3663 590 3701 severo
615 3651 645 3699 et
671 3644 779 3698 intuitu
805 3651 921 3698 austero
947 3663 980 3699 ac
1008 3664 1079 3701 voce
1109 3647 1237 3701 terribili
1264 3647 1365 3717 ipsum

148 3728 237 3779 vision·
313 3752 418 3805 papam
437 3733 551 3794 affatur,
570 3746 704 3800 pungens
723 3727 820 3798 ipsum
838 3727 869 3780 in
887 3728 978 3783 latere
998 3730 1118 3800 cuspide
1145 3730 1242 3784 baculi
1268 3739 1366 3800 pasto-

316 3821 378 3872 alis.
417 3819 455 3871 Et
480 3817 563 3879 dixit,
585 3812 777 3868 “Senebalde
806 3830 889 3883 papa,
909 3814 1128 3884 proposuistine
1155 3832 1222 3869 ossa
1239 3833 1313 3880 mea,
1334 3816 1366 3871 in

390 3964 426 3968 ,κ
457 3963 552 3969 ,--,.
556 3960 669 3968 ...η-κ

350 4065 488 4130 ¹ee'uitos]
525 4063 645 4127 Supplied
673 4062 738 4111 from
772 4059 815 4110 the
895 4063 1079 4128 ⁴eonveniene]
1099 4066 1187 4122 edane,
1198 4064 1255 4115 MS.

318 4147 423 4195 Greater
435 4142 576 4203 Chroniele‚
587 4156 612 4204 p.
625 4146 681 4189 882.
895 4141 905 4172 ⁵
922 4143 985 4192 This
998 4144 1073 4192 letter
1084 4143 1106 4192 is
1120 4143 1219 4206 printed
1236 4146 1270 4207 by
1283 4143 1367 4206 Wats,

348 4221 531 4287 ‘Jpraeab'ffio
546 4220 599 4269 also
615 4219 696 4268 iuthe
710 4219 815 4267 Greater
862 4237 886 4285 p.
911 4227 967 4282 190,
987 4222 1049 4271 from
1071 4223 1114 4271 the
1137 4222 1237 4271 “liber
1258 4223 1367 4275 Addita-

317 4301 456 4359 Cbrouiele,
479 4301 528 4347 aad
557 4295 643 4345 Floras
666 4295 743 4357 Hae,
770 4297 815 4345 but
863 4308 1003 4350 mentorum
1013 4302 1028 4325 '’
1043 4301 1113 4366 [MS.
1126 4302 1192 4352 Coit.
1208 4302 1277 4351 Nero
1288 4302 1323 4353 D.
1336 4305 1367 4364 L,

317 4379 445 4432 corrected
456 4379 490 4441 by
503 4377 545 4425 the
557 4375 650 4424 editors
661 4380 687 4423 to
698 4374 815 4439 peperoli,
864 4379 906 4429 sel.
921 4379 991 4444 lan.

316 4463 365 4511 aud
385 4475 413 4509 so
429 4457 502 4508 reads
521 4455 577 4506 MS.
596 4454 661 4503 Cott.
682 4452 768 4504 Claud.
787 4454 815 4502 a.
898 4458 1054 4524 iprry'icere]
1078 4458 1199 4523 proicere,
1218 4460 1286 4522 MS,
1305 4461 1367 4513 here

316 4545 391 4594 Vlll.
865 4538 914 4587 and
926 4538 1022 4587 further
1033 4554 1072 4587 on.

350 4625 361 4655 ³
377 4620 542 4684 errectonieas]
563 4616 713 4673 mecanicae,
725 4616 781 4666 MS.
843 4667 846 4674 ,
