3060 5468
326 704 373 753 nn
394 705 553 756 rannone
574 705 676 757 neers
697 660 843 758 emmor
864 707 986 758 nnana
1112 698 1176 763 289

136 874 338 944 cicestrensis,
366 879 539 952 Radulphus
564 880 600 935 de
625 880 754 946 Novilla,
774 880 973 937 cancellarius.
1011 881 1074 937 Rex
1099 881 1259 953 oapitLD.
1272 896 1344 944 1244.

136 959 167 1015 in
195 979 283 1018 manu
314 981 367 1019 suu
396 971 499 1029 terras,
532 983 604 1036 quas
633 964 795 1020 Normanni
825 965 969 1020 habebant
997 965 1029 1020 in
1057 964 1175 1037 Anglia.
1189 969 1314 1021 Deathof

135 1043 252 1101 Mortuo
270 1045 405 1120 episcopo
424 1048 602 1104 Oicestrensi
620 1048 785 1120 Radulpho,
805 1049 957 1104 constituit
974 1048 1108 1103 dominus
1126 1066 1177 1103 rex
1188 1037 1283 1115 ‘hell’-
1294 1038 1324 1087 01⁴

135 1127 210 1183 sibi¹
229 1131 433 1194 consumes
460 1132 609 1188 dominum
634 1132 800 1197 Paulam,
825 1133 960 1196 mnam,
981 1137 1011 1187 et
1028 1131 1176 1187 dominum
1190 1103 1343 1155 cmm·

136 1211 299 1269 solennem
334 1215 371 1270 ne
406 1215 576 1282 nonnata,
607 1216 742 1281 minam,
774 1222 804 1271 a
833 1215 983 1271 domnum
1014 1183 1343 1314 solantem{ggsssssslge

134 1295 258 1363 Mansel,
278 1297 429 1364 clericum,
442 1300 522 1355 viros
539 1300 679 1355 discretos
698 1305 728 1355 et
745 1300 877 1355 literatos
890 1305 920 1355 et
931 1300 1094 1370 indigenas,
1108 1318 1175 1355 suos
1187 1315 1313 1366 Nm

47 1381 54 1394 ’
134 1380 310 1453 principales
322 1383 510 1440 consiliarios.
530 1384 692 1456 Episcopus
703 1383 911 1440 Wintoniensis
923 1424 1089 1439 ........
1103 1403 1176 1457 prm.
1187 1380 1278 1432 seinse

18 1485 25 1498 ·
135 1465 299 1521 stolaretnr.
332 1465 479 1534 Griffinus,
488 1468 602 1524 Leolini
613 1468 754 1539 principis
765 1467 795 1522 N
796 1468 966 1525 orthvvalliae
978 1468 1057 1524 filius
1070 1469 1176 1539 primo·
1188 1448 1251 1499 Ne*
1264 1463 1343 1498 ⁰⁰⁸³·

134 1549 262 1620 genitus,
276 1550 341 1606 dolo
353 1552 452 1607 fratris
472 1553 518 1608 sui
537 1552 633 1607 David
650 1557 762 1623 captus,
776 1559 806 1607 et
823 1553 854 1607 in
872 1553 949 1608 turri
961 1550 1176 1607 Londoniarum
1188 1515 1331 1646 glffiffl·

133 1633 339 1698 incarceratus,
369 1634 438 1690 dum
463 1635 499 1691 de
525 1641 609 1692 nocte
636 1636 759 1691 evadere
785 1635 930 1707 cupiebat,
956 1635 1101 1692 demissus
1124 1646 1312 1707 perDeathof

134 1715 234 1771 funem
253 1717 288 1772 da
307 1720 409 1789 pannis
432 1721 549 1775 incaute
575 1720 694 1784 factum,
720 1718 826 1774 cecidit
850 1721 893 1774 ab.
912 1719 982 1782 alto,
1009 1723 1046 1783 et,
1075 1719 1175 1774 fractis
1188 1714 1273 1792 PfiPoe

134 1801 306 1866 cervicibus,
326 1803 534 1858 miserabiliter
547 1804 699 1874 expiravit.
736 1802 821 1856 Anno
833 1804 888 1858 sub
900 1803 1002 1859 eodem
1014 1804 1176 1858 coniectum
1189 1779 1286 1831 ΜΕ

46 1888 63 1901 “
231 1893 318 1957 prout
347 1887 436 1941 moris
461 1893 515 1952 est,
537 1887 569 1941 in
595 1886 719 1942 ecclesia
742 1887 935 1942 conventuali.
981 1886 1175 1952 Ghorcsmini,
1188 1845 1343 1980 {fflssy

17 1993 24 2006 ·
134 1968 272 2024 videlicet
284 1987 355 2040 gens
376 1969 502 2025 infidelis
520 1976 551 2026 et
568 1969 750 2025 detestabilis
769 1968 805 2024 de
823 1971 955 2041 partibus
974 1971 1104 2037 orientis,
1124 1979 1231 2042 parthe
1243 1978 1309 2029 Cho·

133 2052 270 2108 Tartaros
289 2053 324 2107 de
342 2053 447 2110 linibus
460 2054 522 2109 suis
540 2054 671 2124 expulsa,
684 2052 831 2108 hostiliter
848 2059 992 2110 venerunt
1009 2055 1040 2108 in
1057 2055 1177 2110 Terram
1188 2045 1321 2107 mmm,

135 2135 270 2192 Sanctam
280 2137 307 2201 ;8
318 2137 370 2192 ubi
381 2155 521 2209 magnum
528 2137 733 2192 exterminium
745 2136 781 2191 de
791 2136 965 2192 Christianis
975 2146 1174 2194 exercuerunt.
1188 2113 1343 2229 ffffiffih'

133 2220 295 2291 Episcopus
321 2221 481 2276 Beritensis
514 2220 705 2277 Walerannus
729 2219 830 2274 literas
869 2221 905 2275 de
934 2221 990 2276 hoc
1019 2222 1176 2278 infortunio
1189 2243 1343 2297 (ml-imm

134 2303 262 2368 detulit,⁴
280 2305 409 2359 omnium
432 2311 601 2376 magnatum
624 2305 723 2360 Terrae
751 2303 865 2359 Sanctae
891 2304 999 2375 sigillis
1017 2305 1175 2362 roboratas.

135 2386 263 2456 Quarum
281 2406 394 2445 summa
411 2388 474 2443 hoec
492 2393 552 2444 est:
582 2387 807 2443 Succubuerunt
823 2387 854 2441 in
878 2387 955 2443 bello
974 2391 1178 2445 cruentissimo

24 2467 63 2519 .“
134 2471 170 2526 de
190 2513 196 2526 .
218 2513 225 2526 .
246 2514 253 2528 .
273 2472 528 2537 Theutonicorum,
547 2472 646 2526 xxxiii.
675 2471 845 2543 Templarii‚
864 2472 941 2527 xxvi.
973 2473 1177 2545 Hospitalarii.

134 2555 178 2610 De
196 2557 392 2621 Teuthoniois‚
412 2561 525 2611 tantum
548 2555 643 2612 tribus
668 2573 720 2627 per
745 2557 847 2627 fugam
871 2556 989 2628 elapsis,
1011 2575 1080 2629 pars
1104 2557 1179 2611 elec·

133 2641 256 2706 tissima,
282 2642 415 2696 omnibus
439 2641 506 2696 aliis
534 2640 698 2711 captivatis,
718 2647 827 2711 praeter
851 2646 1035 2712 stragem..
1057 2641 1178 2696 ‚infini-

133 2731 238 2780 torum.
284 2725 446 2796 Optimates
472 2741 542 2779 vero
571 2731 657 2779 terrae
685 2742 738 2795 pro
766 2723 871 2794 majori
896 2731 979 2796 parte
1008 2724 1178 2796 interempti

133 2810 307 2865 ceciderunt.
347 2809 391 2863 De
421 2808 636 2878 archiepiscopo
658 2847 778 2861 .....
798 2825 856 2861 non
886 2809 1098 2879 apparuissent,
1129 2825 1177 2862 ne·

134 2895 227 2948 scitur
252 2911 310 2963 quc
334 2892 527 2946 devenissent.
565 2890 710 2961 Magister
734 2907 805 2944 vero
825 2932 831 2944 .
855 2932 861 2944 .
883 2932 890 2944 .
911 2891 1038 2946 abducti.
1078 2890 1178 2946 Solda·

133 2994 189 3030 nus
216 2975 377 3029 Babiloniae
402 2973 483 3027 misit
507 2973 579 3027 istos
607 2972 825 3038 Chorosminos,
852 2979 882 3028 et
908 2973 1020 3029 eisdem
1046 2974 1177 3045 prestitit

133 3058 334 3128 patrocinium,
359 3057 391 3109 in
409 3055 611 3109 exterminium
638 3054 881 3121 Christianorum,
901 3057 933 3111 in
950 3058 1070 3112 Terram
1089 3056 1177 3111 Sanc·

133 3148 203 3196 tam.
241 3141 280 3193 Et
305 3141 413 3194 missus
441 3144 486 3193 est
515 3143 693 3192 memoratus
718 3139 871 3211 episcopus
899 3139 931 3193 in
955 3140 1112 3211 Europam,
1144 3145 1179 3194 ut

134 3242 222 3295 super
251 3224 310 3278 hiis
340 3240 440 3278 casum
466 3221 623 3292 lugubrem
652 3221 802 3286 nuncians,
833 3223 974 3277 auxilium
1004 3224 1176 3294 postularet.

134 3308 350 3363 Disseminotur
375 3305 501 3360 dedecus
529 3311 559 3359 et
588 3304 709 3359 infamia
733 3306 814 3376 regie
840 3323 893 3376 per
920 3306 1022 3377 fugam
1049 3308 1177 3378 episcopi
1190 3317 1246 3368 The
1256 3319 1321 3386 king

131 3390 342 3447 Wintcniensis
372 3391 449 3445 inter
478 3389 615 3450 Francos,
648 3389 699 3457 qui
725 3387 760 3442 de
786 3389 846 3443 levi
872 3390 985 3460 Anglos
1016 3390 1175 3455 diffamant,
1189 3383 1211 3433 5⁸
1222 3385 1336 3438 destined

133 3477 183 3547 qui
202 3475 398 3531 cachinnando
410 3474 447 3528 ad
464 3474 589 3528 invicem
603 3473 747 3537 dicebant,
764 3477 782 3500 “
795 3474 893 3529 Eece.
910 3515 916 3528 .
933 3517 939 3528 .
956 3517 962 3528 .
982 3493 1060 3530 nunc
1078 3482 1174 3530 autem
1189 3451 1222 3516 by
1234 3453 1276 3503 ὼε

133 3563 223 3616 istum
250 3561 358 3614 bonum
376 3559 483 3622 virum,
504 3558 555 3629 qui
580 3557 667 3629 paulo
692 3567 759 3613 ante
781 3558 845 3628 ejus
871 3560 968 3614 fuerat
994 3559 1176 3615 consiliarius

134 3645 278 3715 specialis.
314 3644 389 3698 Ecce
408 3642 516 3697 militia
533 3640 607 3711 ejus,
628 3659 694 3696 ecce
720 3643 923 3697 strenuitas!”
961 3642 1085 3697 Domino
1101 3660 1177 3714 papa

133 3730 226 3799 igitur
252 3746 340 3798 super
365 3727 420 3782 hoc
448 3725 624 3780 sollicitante
652 3731 681 3780 et
708 3725 861 3791 scribente,
881 3743 942 3789 rex,
961 3731 995 3780 ut
1017 3715 1095 3781 lama
1112 3726 1176 3796 ejus

133 3817 358 3874 restauraretur,
390 3810 490 3864 mitior
520 3809 649 3873 effectus,
676 3809 845 3880 episcopum
875 3809 1038 3864 exulantem
1064 3810 1177 3865 studuit

132 3913 277 3950 revocare.
315 3893 506 3965 Temporibus
536 3898 633 3947 autem
665 3891 719 3946 suh
747 3933 896 3946 .....
916 3892 1173 3964 apprehenderent.

132 3980 212 4050 Papa
230 3980 322 4049 igitur
340 3976 463 4031 nimium
482 3975 622 4030 attonitus
640 3975 672 4028 in
688 3974 761 4029 hora
762 4015 1049 4039 ...........
1065 3995 1175 4034 assere-

40 4070 58 4084 '·
132 4064 202 4119 baut
220 4081 250 4118 se
269 4079 332 4117 esse
354 4060 452 4114 affines
471 4058 518 4112 vel
536 4059 774 4129 consanguineos,
821 4058 949 4115 Intravit
966 4061 1060 4131 igitur
1079 4103 1085 4116 .
1106 4101 1116 4118 .
1136 4102 1143 4116 .
1165 4103 1172 4115 .

134 4189 141 4202 .
163 4189 169 4201 .
192 4188 198 4201 .
219 4188 225 4200 .
246 4147 317 4208 suis,
338 4144 408 4213 quia
425 4142 466 4196 ibi
485 4140 532 4196 vel
550 4159 607 4196 non
625 4141 725 4211 procul
745 4147 830 4196 natus
849 4143 915 4207 suit,
936 4150 966 4198 et
984 4144 1085 4199 eadem
1104 4146 1174 4199 civi·

167 4365 294 4415 ¹dominas
304 4362 414 4426 restite]
427 4361 468 4411 On
478 4374 510 4408 an
520 4373 627 4408 erasure.
710 4361 867 4428 lsraelem]
899 4364 966 4424 Sem,
992 4364 1047 4414 MS.
1076 4364 1125 4413 and
1153 4380 1174 4411 m

165 4447 176 4477 ²
192 4443 356 4508 eonclmrios]
383 4438 542 4503 superfluous
561 4438 629 4499 here,
679 4440 822 4491 estervarm
833 4443 928 4500 erased,
939 4443 987 4492 and
1000 4443 1102 4492 ablank
1112 4440 1163 4490 left„

132 4528 239 4577 because
250 4524 365 4589 repeated
383 4529 409 4572 at
425 4521 468 4570 the
478 4520 528 4569 end
544 4519 573 4569 ol
586 4518 629 4568 the
711 4520 721 4551 ⁴
739 4521 871 4583 infortunio
878 4519 976 4586 detulit]
990 4520 1097 4571 infornic
1108 4521 1176 4580 deta,

132 4614 256 4657 sentence.
679 4598 735 4650 MS·

219 4701 294 4751 Vol..
319 4699 366 4747 III.
1022 4693 1044 4741 'l'
