3060 5468
359 725 405 772 nr
428 721 588 771 murone
610 722 711 771 euers
734 720 879 772 sanarer
901 722 1022 773 raam.
1145 711 1209 773 335

163 901 219 959 ret,
233 893 420 965 indignantes
439 909 527 965 super
546 893 600 948 hoc
617 893 720 964 Angli,
740 901 955 964 proposuerunt
972 895 1004 948 in
1023 894 1211 950 Pictavcnses
1223 902 1291 953 ab.
1306 908 1378 954 1254.

163 983 288 1036 irruere.
327 980 390 1035 Rex
416 987 515 1035 autem
540 994 710 1051 pavescens,
737 981 912 1051 veniamque
937 980 1088 1036 humiliter
1114 986 1212 1053 postu-
1225 992 1331 1033 account
1343 985 1373 1032 of

162 1066 236 1132 lans,
267 1066 318 1121 vix
348 1065 475 1120 furorem
506 1081 607 1119 eorum
643 1065 833 1134 compescuit,
866 1064 937 1136 quin
973 1065 1095 1137 sanguis
1121 1050 1379 1121 latiusthepunish-

60 1189 62 1192 .
162 1150 334 1216 inundaret;
360 1150 437 1204 unde
457 1148 583 1220 'quidam
600 1154 771 1220 magnatum
788 1148 922 1205 videntes
940 1150 1020 1221 pacis
1044 1147 1212 1205 firmitatem
1224 1127 1293 1233 m
1303 1119 1335 1166 οἰ

164 1234 308 1306 elongari,
335 1233 371 1288 de
400 1233 483 1304 regis
509 1238 607 1288 temen
637 1233 765 1298 licentia,
793 1233 969 1306 quamcitius
994 1234 1147 1289 redierunt
1175 1233 1377 1301 adquhmffl,

162 1319 291 1390 propria.
336 1317 519 1373 Revocatum
537 1324 583 1372 est
606 1323 636 1372 et
653 1323 800 1373 cassatum
815 1318 961 1390 judicium
981 1317 1133 1389 injustum,
1154 1335 1212 1388 quo
1225 1331 1340 1381 nenne

163 1401 311 1458 Henricus
330 1403 367 1458 de
392 1402 422 1456 la
446 1402 539 1466 Mare,
568 1400 709 1457 itinerans
733 1402 927 1473 justiciarius,
958 1404 1029 1458 iecit
1058 1402 1212 1458 amerciari
1224 1397 1334 1460 iml’ffl‘d
1345 1414 1377 1446 01¹

164 1486 282 1541 domum
313 1484 412 1542 Sancti
441 1485 550 1540 Albani
576 1485 613 1540 ad
639 1493 758 1542 centum
787 1487 887 1552 libras,
914 1504 948 1542 eo
977 1486 1056 1558 quod
1080 1486 1212 1541 homines
1225 1465 1378 1541 §salbans

163 1571 276 1626 abbatis
288 1589 344 1626 non
359 1575 503 1626 sanarunt
521 1586 619 1625 coram
638 1587 672 1625 eo
690 1577 773 1626 extra
790 1572 957 1626 libertatem
976 1570 1076 1625 Sancti
1093 1568 1210 1634 Albani,
1225 1533 1377 1582 “mmm

163 1655 241 1710 sicut
268 1673 322 1710 nec
352 1654 525 1709 debuerunt.
573 1653 658 1709 Unde
677 1655 846 1725 impetravit
870 1654 950 1708 idem
979 1653 1068 1707 abbas
1097 1651 1211 1707 litteras

162 1741 243 1810 regis
262 1755 351 1811 super
369 1739 433 1802 hoc,
453 1738 558 1809 regina
576 1743 606 1791 ct
629 1738 734 1792 comite
759 1737 885 1791 Ricardo
910 1735 1102 1791 existentibus
1126 1735 1211 1805 regni

161 1824 342 1887 custodibus,
362 1839 492 1893 regeque
511 1827 617 1890 agente
636 1820 667 1873 in
690 1820 854 1874 Wasconia.
905 1817 1084 1875 Concessum
1102 1824 1148 1874 est
1166 1836 1212 1873 eo·
1224 1830 1361 1898 Privileges

161 1907 229 1962 dem
247 1924 322 1962 anno
341 1925 359 1961 a
376 1923 447 1975 roge
466 1899 625 1973 H[enrico]
650 1901 720 1966 IH.,
741 1902 819 1972 qued
843 1903 979 1956 monachi
1006 1904 1042 1958 de
1067 1902 1210 1957 Wcstmo·
1223 1903 1328 1960 granted
1340 1907 1366 1949 ¹⁰

161 1992 290 2046 nasterio
308 1995 338 2043 et
356 2006 457 2042 eorum
477 2002 661 2041 successores
685 2001 783 2040 coram
802 1986 1024 2057 quibuscunque
1039 1985 1210 2056 justiciariis
1223 1965 1364 2079 ᾟᾝΟΠἏΕ

161 2075 244 2144 regis
261 2073 390 2127 habeant
409 2075 554 2125 excoctas
582 2069 746 2124 rotulorum
765 2069 802 2124 de
821 2069 1057 2126 amerciamentis
1075 2074 1105 2124 et
1121 2070 1211 2124 omni-
1223 2041 1343 2148 ζύωὲἱῂ

161 2157 257 2213 modis
275 2155 383 2210 finibus
401 2154 553 2209 hominnm
574 2170 703 2218 suorum,
730 2160 760 2208 et
778 2153 814 2208 de
833 2154 949 2210 catallis
969 2153 1162 2224 fugitivorum
1181 2160 1211 2210 et
1329 2138 1334 2148 ’

161 2246 386 2316 dampnatorum
399 2239 577 2296 eorumdem.
615 2239 688 2295 Inde
707 2245 805 2296 autem
817 2241 874 2296 fnit
891 2240 974 2312 prius
987 2246 1068 2297 carta
1079 2241 1210 2297 confecta

161 2329 265 2385 stillis
284 2344 430 2390 concessa,
451 2343 526 2381 anno
544 2324 649 2396 metire
660 2332 825 2380 11⁰.cc⁰.n11⁰.
863 2324 927 2394 Quo
945 2324 1034 2380 etiam
1051 2343 1126 2381 anno
1144 2344 1210 2382 con-

161 2431 278 2469 cessum
296 2418 343 2466 est
360 2411 414 2475 eis,
434 2407 513 2480 quod
531 2413 691 2464 conventus
716 2408 836 2464 babebit
859 2426 1040 2481 quascunque
1066 2427 1116 2465 eos
1144 2428 1209 2465 con·

161 2499 289 2569 tingrmt,
328 2502 459 2566 tempore
494 2492 664 2548 vacationis.
721 2491 796 2547 Cum
831 2493 1062 2550 Winchelienses
1098 2495 1208 2566 reginas
1222 2508 1375 2571 Quanelbp

160 2582 393 2638 transfretaturae
419 2594 526 2633 navem
555 2576 740 2648 paravissent
770 2576 970 2643 sufficientem,
1002 2577 1208 2635 Jeremuenses
1221 2582 1302 2653 twean
1312 2577 1356 2625 the

159 2684 230 2723 vero
249 2664 394 2720 Eduardo
410 2662 503 2716 multo
522 2661 709 2731 pulcriorem,
729 2666 809 2715 mota
826 2667 872 2717 cst
888 2661 967 2716 inter
984 2678 1033 2717 eos
1052 2662 1207 2728 discordia,
1220 2642 1369 2719 ¹¹¹h²¹b3¹³¹¹²⁸

159 2752 202 2806 ita
221 2757 264 2814 ut,
293 2766 366 2803 nave
392 2747 538 2818 pulcriore
563 2746 719 2810 confracta,
747 2752 852 2801 nautas
871 2745 1042 2801 invadentes
1068 2747 1208 2817 quosdam
1221 2709 1375 2825 fflffi'and

159 2835 397 2895 vulneraverunt,
429 2830 570 2900 quosdam
595 2830 815 2886 iuteremerunt.
862 2828 946 2884 Unde
971 2830 1092 2901 querela
1121 2843 1367 2902 superYarmouth,

159 2918 214 2972 hoc
241 2916 371 2986 reposita
397 2931 455 2968 non
481 2913 604 2977 modica,
630 2913 667 2968 ad
684 2919 774 2969 tantae
799 2913 1040 2984 transgressionis
1067 2913 1208 2968 ultionem

159 3000 336 3056 unanimiter
366 3015 466 3053 omnes
499 2997 695 3053 intenderunt.
752 2998 866 3068 Regina
895 3002 1002 3063 autem,
1040 2998 1208 3069 hujusmodi

160 3083 336 3156 perturbata
350 3081 544 3144 contentione,
561 3099 628 3135 cum
652 3081 689 3136 ad
709 3081 965 3148 transfretandum,
987 3083 1097 3154 paratis
1116 3084 1207 3137 omni·

160 3170 226 3232 bus,
260 3173 289 3222 et
318 3167 383 3238 ipsa
409 3170 572 3237 pararetur,
604 3182 672 3220 ecce
702 3164 784 3219 aliud
808 3166 978 3222 mandatum
1008 3167 1090 3237 regis
1115 3167 1207 3238 priori

161 3252 340 3309 contrarium
374 3249 500 3313 advenit,
532 3267 568 3303 ne
598 3248 702 3319 regina
732 3251 944 3306 transfretaret.
993 3251 1077 3307 Larsa
1116 3252 1208 3322 igitur

160 3338 317 3407 utrobique
337 3341 367 3389 et
385 3332 559 3404 angustiata,
580 3332 651 3404 quid
669 3338 780 3404 ageret,
800 3335 955 3405 excogitat.
993 3335 1041 3390 Ad
1060 3354 1091 3391 se
1109 3343 1208 3392 autem
1221 3343 1368 3406 Thequeen
1417 3366 1422 3376 ·

159 3438 309 3482 conversa,
339 3437 356 3472 a
380 3417 529 3489 proposito
549 3416 651 3471 statuit
673 3434 731 3472 non
754 3415 871 3472 differre
896 3418 948 3483 se,¹
968 3420 1020 3475 sed
1044 3439 1112 3476 eum
1137 3421 1206 3475 filiis
1220 3412 1334 3461 embarks
1349 3420 1374 3460 at

159 3507 221 3563 suis
241 3509 270 3560 et
295 3502 408 3558 ramira
425 3501 527 3565 nobie,
554 3501 608 3556 sua
627 3501 736 3556 suessa
760 3502 898 3557 amous
923 3504 970 3558 sui
989 3503 1206 3561 camesensis
1219 3479 1304 3527 Ilm·

158 3587 381 3662 archiepiscopi‚
410 3586 475 3641 iiie.
511 3584 649 3641 kalendas
687 3585 770 3639 Junii
797 3587 875 3657 apud
904 3587 1078 3643 Portesmue
1102 3607 1205 3645 navem
1218 3545 1350 3675 mss'ffiay,

158 3676 298 3732 ascendit.
350 3670 450 3726 Pridie
487 3675 585 3725 autem
616 3667 804 3741 [kalendas]²
840 3670 922 3725 Junii
957 3670 1100 3742 applicuit
1129 3674 1206 3744 apud

158 3758 360 3829 Burdegalim.
399 3755 477 3809 Loco
495 3760 593 3810 autem
611 3755 705 3825 ipsius
729 3754 841 3825 reginas
861 3755 1038 3810 substitutus
1057 3762 1103 3812 est
1120 3758 1204 3827 regni
1218 3766 1316 3817 Walter
1327 3769 1358 3816 dc

159 3851 256 3899 custos
274 3841 423 3896 Walterus
455 3839 491 3893 dc
522 3837 610 3906 Gray,
642 3837 878 3908 archiepiscopus
908 3837 1110 3895 Eboraccnsis.
1148 3840 1205 3896 Illo
1220 3835 1365 3898 &ababa

159 3934 256 3983 autem
275 3944 349 3981 anno
368 3930 473 3980 ventus
491 3923 617 3977 borealis
636 3923 773 3978 continue
790 3923 927 3993 perflans,
947 3940 1052 3979 vernos
1072 3926 1157 3981 flores
1176 3933 1207 3981 et
1218 3901 1350 4030 ἓζῐξξῐξξέᾱ

159 4014 272 4066 fructus
291 4029 344 4081 per
361 4016 422 4065 tres
440 4024 555 4061 menses
574 4007 748 4076 etamplius
768 4005 930 4061 suffocavit.
970 4007 1204 4065 circakalendcs
1218 4034 1339 4097 guardian

159 4097 245 4160 Julii,
265 4104 396 4167 tempore
424 4091 583 4153 solstitiali,
606 4091 702 4146 subita
729 4090 864 4161 prorupit
889 4092 1039 4147 inundatio
1067 4096 1204 4166 pluvialis
1216 4100 1245 4149 of
1254 4099 1295 4148 the

159 4201 226 4237 cum
238 4182 389 4252 grandine,
405 4177 520 4247 qualem
534 4193 591 4229 non
603 4174 803 4245 praevidimus,
818 4174 927 4230 durans
939 4195 1088 4247 perunum
1102 4181 1202 4235 horam
1218 4166 1355 4282 lgfflffif

216 4328 243 4333 --
337 4320 463 4328 —,.--⁴.
508 4320 511 4322 v
687 4317 703 4322 -
797 4317 804 4321 -
858 4319 874 4323 ·-
1040 4321 1148 4327 -—-.„⁴

192 4408 198 4438 ¹
217 4407 243 4455 dt'
265 4421 319 4455 erre
342 4402 380 4466 ee]
411 4415 437 4448 se
464 4398 572 4458 differre,
594 4396 659 4459 MS„
704 4396 846 4457 Chronicle,
868 4401 914 4448 bul
936 4399 1045 4450 inserted
1063 4400 1089 4449 ln
1107 4398 1203 4461 margin

156 4491 201 4539 but
212 4485 315 4536 marked
326 4491 353 4530 to
364 4483 396 4529 be
407 4476 564 4539 transposed.
703 4475 874 4529 ostracon.
887 4479 974 4529 Claud
986 4480 1015 4529 E.
1025 4478 1101 4527 vm
1121 4476 1202 4525 Inthe

190 4562 346 4625 statana]
371 4557 484 4609 Omnes
502 4556 529 4603 in
548 4554 614 4612 us,
631 4569 658 4604 a
681 4543 684 4627 ξ
704 4555 827 4606 canaam
839 4557 894 4608 ns.
913 4558 1002 4608 arser
1018 4557 1084 4606 nane
1102 4555 1146 4604 nn
1163 4553 1202 4602 in-

157 4646 210 4696 also
233 4646 259 4694 in
287 4642 371 4691 Floras
391 4635 458 4686 Hist.
482 4635 531 4685 and
553 4635 659 4685 create
681 4632 684 4687 Ι
702 4636 880 4692 sanctitates.
894 4637 958 4686 iat
971 4635 1047 4685 June.
