3060 5468
313 684 376 744 144
438 694 601 743 nimum
626 694 838 743 rlnrsmssis
861 696 1024 743 simonis
1047 697 1249 748 Axonouurc

140 875 210 929 Μ).
226 885 298 931 125³.
311 876 342 922 et
368 867 576 921 contradictio¹
597 878 627 920 et
645 867 722 921 aetio
740 884 794 921 nec
813 866 1005 921 contradictio
1023 882 1069 922 est
1086 886 1140 923 nec
1159 868 1296 933 rebellio,
1317 870 1375 925 sed

311 951 409 1005 filiolis
428 951 528 1005 divino
546 950 683 1004 mundato
701 949 801 1005 debita
818 952 896 1021 patri
923 960 953 1005 et
979 953 1069 1007 metri
1094 952 1257 1008 honoratio.
1297 954 1375 1010 Bre-

310 1037 386 1090 viter
412 1042 512 1091 autom
539 1034 716 1104 recolligens
741 1034 816 1097 dico,
836 1034 1004 1105 apostolice
1032 1035 1111 1091 sedis
1139 1037 1284 1092 cunctim
1311 1056 1375 1094 non

309 1126 415 1191 potest,
435 1119 492 1173 nisi
512 1136 577 1188 quae
596 1118 627 1172 in
645 1117 869 1173 edificacionem
886 1128 955 1174 sunt
973 1128 1004 1174 et
1029 1118 1107 1174 non²
1124 1119 1371 1178 destructionem.

310 1203 383 1258 Hinc
409 1208 454 1258 est
478 1203 557 1257 enim
581 1202 735 1272 potcstatis
764 1201 926 1271 plenitudo,
947 1203 1044 1256 omnin
1070 1221 1156 1274 posse
1183 1205 1214 1259 in
1241 1206 1374 1263 aedilicn·

308 1287 426 1342 tionem.
465 1286 540 1340 Hae³
558 1292 655 1339 nutem
684 1303 757 1354 quus
785 1284 910 1339 vocnnt⁴
938 1284 1137 1351 Provisiones,
1157 1305 1216 1342 non
1240 1296 1314 1345 sunt
1338 1291 1373 1346 in

309 1371 540 1435 mdificntioncm,
570 1369 623 1425 sed
649 1369 681 1423 in
698 1369 990 1423 manifestissimcm³
1008 1369 1247 1426 destructionem.
1295 1372 1366 1429 Non

309 1454 403 1525 igitur
427 1472 477 1509 ecs
496 1460 593 1525 potest
611 1452 699 1508 beatu
726 1452 812 1507 sedes
837 1452 999 1524 apostolico
1022 1458 1207 1525 attemptare,
1246 1460 1265 1482 “
1278 1457 1372 1527 quiu‘

308 1556 377 1593 curo
414 1550 444 1594 et
483 1537 615 1607 sanguis,
643 1552 709 1606 quae
743 1553 868 1605 regnum
899 1535 956 1590 Dei
986 1554 1044 1590 non
1074 1536 1277 1608 possidebunt,
1317 1558 1372 1597 ens

309 1623 460 1686 revelavit,
492 1628 522 1677 et
548 1639 606 1675 non
632 1619 723 1674 Pater
743 1618 862 1675 Domini
880 1619 973 1675 nostri
993 1619 1088 1675 Jhesn
1106 1620 1230 1688 Christi,
1250 1623 1304 1694 qni
1322 1630 1372 1680 est

309 1707 340 1761 in
359 1704 493 1762 coelis.’'²

578 1867 704 1934 Finito
726 1873 771 1932 est
795 1866 938 1952 epistola
960 1865 1116 1954 episcopi

141 2034 273 2101 nugerol
354 2017 437 2084 Cum
462 2037 539 2081 vero
563 2014 629 2078 isto
651 2013 766 2079 littero
799 2012 842 2076 ud
875 2013 1033 2078 notitiam
1056 2013 1206 2100 papalem
1242 2037 1360 2102 perve-

139 2103 405 2234 ξὲξξξζῗιιίῐοὲ,
430 2121 500 2205 ipse
523 2138 609 2203 popu
630 2137 698 2179 non
720 2136 755 2179 se
779 2115 912 2202 cupiens
934 2138 1003 2201 prae
1018 2117 1080 2195 im,
1103 2114 1236 2203 ipsum⁸
1275 2121 1366 2206 cogi-

139 2235 190 2287 this
201 2237 281 2288 letter.
308 2223 398 2287 tavit
420 2223 454 2285 in
479 2224 610 2285 tantum
626 2217 852 2282 confusionem
868 2218 1085 2305 prsecipitnre,
1101 2223 1141 2283 nt
1156 2219 1222 2283 toti
1238 2223 1365 2288 mundo

309 2333 426 2410 stupor
464 2322 548 2386 foret
590 2325 625 2383 et
663 2319 849 2405 exemplum
889 2320 1118 2399 formidabile3
1156 2322 1214 2386 sed
1253 2328 1365 2389 tamen

309 2425 445 2491 consilio
469 2420 685 2487 midinalium
710 2421 885 2500 emollitus,
910 2422 971 2486 sub
995 2422 1259 2488 dissimulatione
1291 2447 1365 2513 per-

311 2528 403 2594 misit
425 2525 578 2598 transire,
605 2544 646 2587 ne
669 2543 769 2608 super
791 2523 853 2588 hoc
876 2524 1040 2591 tumultus
1062 2525 1274 2591 excitaretur.

504 2751 597 2821 Obiit
619 2749 811 2836 Ronnlsvs,
835 2746 935 2816 obbm
959 2748 1144 2834 Romeseye.

162 2941 192 2986 14
204 2937 274 3001 Aug.
354 2908 396 2972 ln
419 2905 535 2992 vigilia
556 2923 635 2967 vero
659 2897 906 2984 Assumptionis
929 2897 1014 2960 obiit
1039 2895 1236 2960 venerabilis
1261 2897 1365 2962 ubbos

141 3015 267 3068 Denuo!
310 3010 515 3097 Rnnulplms,
539 3006 727 3088 aneseyc,
752 3001 884 3065 domum
910 3022 1002 3063 sunm
1025 2999 1120 3063 bonis
1135 3005 1205 3063 tom
1227 2988 1365 3086 spiritu-

139 3083 257 3201 m&
309 3114 417 3181 alibus
441 3134 540 3199 quum
575 3103 811 3192 temporalibus
842 3099 1079 3178 abundantem,
1102 3107 1250 3186 tempore
1282 3109 1364 3167 tuuc

139 3216 257 3284 Rnnsey.
310 3218 422 3284 messis
445 3212 610 3299 regalibus
633 3208 823 3291 relinquens
845 3202 1089 3289 diripiendum.⁹

330 3455 381 3520 Do
404 3449 663 3541 ‹Ioepooootioow
685 3443 810 3633 norff
833 3441 923 3558 repis
945 3441 1141 3529 Hysponioe
1166 3440 1347 3520 Edwomlo,

777 3568 808 3610 m
829 3566 925 3628 repis.

139 3723 276 3788 Εοροιιιιιι
354 3705 447 3768 Misit
480 3723 537 3765 rex
572 3697 708 3762 nuncios
741 3693 923 3778 solempnes
957 3691 1000 3754 ud
1030 3713 1140 3777 regem
1176 3691 1359 3776 Hisponiae,

139 3787 463 3922 ffiffig‘videlicet
486 3804 673 3888 episcopum
702 3796 967 3870 Buthoniensem
991 3798 1026 3857 et
1049 3792 1240 3857 Johunnem
1264 3791 1359 3855 linn-

342 4069 348 4099 ¹
367 4065 539 4130 contradictio]
558 4064 646 4119 dictio.
671 4063 737 4112 Cott.
761 4061 813 4111 und
890 4056 1035 4122 ⁷i⁴=dupted
1058 4058 1124 4106 from
1147 4057 1220 4107 Mart.
1244 4056 1296 4108 xvi.
1323 4059 1359 4106 17.

308 4150 355 4199 Lu,
859 4136 890 4185 In
904 4135 1099 4186 ecunacum
1110 4146 1136 4186 ut
1147 4135 1191 4185 the
1201 4137 1260 4191 end,
1271 4137 1297 4184 in
1315 4136 1361 4185 red

341 4224 429 4288 2ηοπ]
449 4237 500 4271 non
513 4221 547 4277 in,
559 4220 607 4269 Im.
834 4220 837 4287 ξ
859 4215 953 4273 letters,
974 4214 1062 4263 “Herc
1080 4217 1159 4262 omnio
1177 4215 1284 4264 assernit
1300 4213 1361 4263 iden

341 4306 352 4337 ³
370 4303 433 4369 Hc]
453 4302 516 4358 llee,
528 4299 585 4348 MS.
834 4310 837 4337 :
859 4295 988 4358 epi'ccopno
999 4291 1179 4346 lincolniensis
1197 4292 1321 4343 Rotertu
1335 4308 1361 4341 ce

341 4385 433 4449 ⁴qnoo
462 4376 562 4441 cocunt]
593 4389 650 4439 qum
682 4380 813 4431 vocentur,
834 4358 929 4435 lpom
937 4372 1059 4420 sustinere
1068 4379 1091 4420 el
1100 4370 1361 4435 prodiremfidenter

308 4465 397 4520 eberh,
834 4440 837 4477 ¹
858 4457 941 4497 contra
957 4466 1037 4498 omnes
1056 4449 1137 4498 mundi
1154 4449 1287 4509 hereticos,
1305 4466 1360 4498 nee·

341 4533 598 4607 manifestissimum]
610 4528 811 4581 manifestum).
834 4508 837 4579 l
858 4544 905 4575 non
918 4536 941 4576 et
945 4527 1030 4591 salsos
1043 4527 1223 4578 Christianos?

308 4627 356 4677 ond
369 4621 460 4675 cheth.
834 4584 837 4689 l
891 4606 902 4635 ⁸
920 4606 1011 4670 iprum]
1032 4606 1114 4669 ipsum
1125 4606 1275 4665 mittentem,
1287 4606 1317 4656 ll.

342 4705 351 4734 ¹⁵
368 4701 441 4766 quilii]
462 4695 562 4747 etenim.
574 4691 620 4739 lm.
833 4702 836 4728 a
892 4685 902 4714 ⁹
918 4683 1093 4748 dommulum]
1105 4685 1293 4748 dimipiendum,
1302 4685 1358 4736 MS,
