3060 5468
329 691 394 754 108
460 701 627 751 serrum
649 697 864 749 rnmsmusrs
886 697 1052 748 merolus
1073 696 1276 751 morosus.

158 932 227 986 Ar).
241 939 314 988 reor.
552 916 645 988 Obiit
673 918 863 988 Willelmes
885 920 926 988 ele
951 919 1148 1008 Ceremlepo.

158 1072 285 1125 neither
371 1052 530 1140 Tempore
557 1056 619 1120 sub
649 1054 765 1121 eodem
796 1055 882 1121 obiit
905 1056 1092 1122 Willelmus
1114 1055 1155 1120 de
1180 1054 1381 1144 Centelupo,

158 1138 314 1273 fflffiffpff
326 1154 379 1219 vir
401 1157 536 1243 quidem
559 1161 677 1245 potens
699 1163 734 1222 et
764 1157 859 1223 miles
890 1163 1054 1235 strenuus,
1077 1162 1112 1223 et
1146 1157 1242 1246 regni
1273 1159 1383 1225 fidelis

325 1257 458 1336 amicus,
480 1258 584 1324 freter
609 1257 753 1344 episcopi
776 1258 1011 1345 vigorniensis.
1056 1259 1151 1324 Patri
1174 1263 1289 1325 eutem
1312 1283 1384 1328 suc·

325 1360 422 1425 cessit
459 1359 548 1425 filius
585 1360 656 1446 ejus
690 1360 884 1439 Willelmus,
923 1360 977 1426 cui
1013 1383 1074 1426 rex
1111 1360 1211 1426 nimis
1248 1383 1383 1430 severus

326 1462 452 1544 extitit,
475 1467 659 1549 antequam
681 1463 878 1529 hereditatis
901 1484 969 1528 sure
991 1461 1240 1549 plenitudinem
1255 1464 1383 1531 valeret

325 1564 473 1652 adipisci,
489 1564 565 1630 licet
588 1565 658 1651 ipse
680 1570 776 1653 peter
798 1569 833 1629 et
855 1587 938 1630 evus
953 1564 1013 1631 diu
1035 1563 1169 1631 domino
1184 1565 1256 1652 regi
1278 1565 1383 1632 femu-

325 1667 432 1734 iutum
455 1667 652 1734 diuturnum
675 1667 898 1755 impendisset.

293 1896 431 1970 ‘Foeta
452 1909 499 1970 esi
525 1901 680 1970 visitatio
711 1902 752 1969 dc
785 1899 956 1989 eclipiosis
981 1923 1045 1987 per
1078 1901 1275 1991 episcopum
1296 1904 1382 1973 sec

649 2002 855 2072 celeiensem
877 2001 1067 2070 Reiectum.

159 2154 298 2208 vulturios
373 2137 497 2204 Diebus
523 2136 585 2202 sub
616 2138 738 2204 eisdem
760 2138 931 2225 episcopus
966 2136 1206 2205 Lincolniensis
1237 2140 1379 2227 R[0ber-

159 2223 315 2352 ffitllbp·
329 2240 398 2327 tus]
423 2239 649 2306 visitationem
675 2235 807 2327 [fecit]1
829 2240 866 2305 in
889 2241 1042 2306 domibus
1063 2240 1228 2331 religiosis
1258 2242 1296 2308 in
1321 2265 1382 2311 sue

159 2354 315 2475 llllffi‘lss'
328 2340 472 2409 diocesi⁹
493 2340 600 2430 rigido
623 2341 721 2408 nimis
744 2347 780 2408 st
801 2363 921 2410 severe.

159 2502 299 2649 diddens-
386 2571 644 2662 Oooficmceler
672 2571 919 2640 Wioloeieosis
940 2579 970 2641 ct
995 2539 1155 2661 Refeosis
1180 2573 1337 2661 [electi]3

160 2657 304 2779 imppp
373 2707 621 2777 Oonfirrnentur
644 2708 757 2775 Romse
780 2707 876 2774 electi
892 2709 1131 2775 Wintoniensis
1154 2715 1189 2774 st
1205 2708 1382 2775 Rofensis.⁴

160 2726 315 2913 glizmut!
330 2810 423 2879 Obiit
445 2810 602 2898 magister
624 2810 648 2876 J
649 2812 795 2877 ohannes
816 2812 857 2876 de
877 2810 1053 2890 Offintone,
1077 2811 1252 2876 canonieus
1268 2812 1380 2877 Seres-

163 2926 306 2981 iiooiouer.
329 2912 490 2996 hiriensis,
515 2933 579 3001 quo
602 2935 669 2979 non
692 2918 765 2980 oret
786 2913 823 2979 in
846 2912 969 3001 Anglie
992 2913 1127 2978 clericus
1150 2912 1314 2981 celebrior.

160 3004 287 3127 ltili
1048 3121 1055 3138 .

161 3138 294 3197 titurium
605 3121 727 3192 Litore
743 3122 886 3213 populeo
905 3143 1111 3211 oppressisse.

163 3254 298 3311 istros-or
373 3263 531 3353 'l'ornpors
569 3282 699 3350 queque
736 3259 799 3326 sub
837 3258 952 3326 eodem
996 3257 1183 3324 transmisit
1227 3236 1380 3324 dominus

160 3337 223 3442 llll
231 3324 315 3444 llll.»
328 3387 413 3454 pope
435 3364 549 3432 cubui
574 3362 690 3431 Sancti
713 3361 838 3427 Albani
859 3360 974 3426 literas
997 3360 1058 3426 sub
1080 3360 1142 3426 hac
1163 3359 1288 3426 forme:

159 3454 318 3575 Ωἱᾛῗῧῗῖξ
366 3494 384 3519 ·“
399 3489 586 3547 lmmooutius
611 3487 688 3545 IIII.
718 3488 883 3559 opiscopus,
903 3492 968 3552 eto„
989 3486 1105 3544 dilectis
1131 3489 1200 3544 filiis
1226 3488 1324 3544 abbati
1350 3493 1381 3544 et

160 3584 184 3639 in
197 3586 287 3641 moiun·
329 3573 484 3631 oourouiui
516 3572 616 3629 structi
642 3571 759 3635 Albani,
788 3570 1002 3627 Lincolniensis
1033 3571 1168 3638 diocesis,
1196 3572 1321 3628 salutem
1351 3578 1382 3627 et

160 3651 310 3708 ”illunis
330 3658 520 3731 apostilicam
538 3655 779 3713 benedictionem.
819 3655 894 3711 (lum
921 3655 1046 3710 dilectus
1074 3656 1152 3711 filius
1171 3656 1320 3712 lohannes
1344 3657 1381 3712 do

160 3718 262 3772 ‘'lum‘'
330 3744 501 3808 (insincerum,
522 3758 611 3814 nepos
625 3744 654 3795 ot
671 3737 840 3811 cupollenus
857 3744 966 3804 noster,
981 3739 1135 3795 ecclesiam
1153 3740 1190 3795 ds
1202 3740 1379 3811 Wengreve‚

161 3798 191 3837 ἠ
226 3819 233 3841 ⁸
330 3824 359 3881 iu
374 3844 440 3896 spuo.
456 3827 533 3882 siout
551 3823 758 3887 intelleximus,
769 3821 820 3894 jus
838 3828 1008 3894 potronatus
1021 3823 1059 3878 sd
1070 3842 1122 3879 vos
1135 3823 1303 3881 dinoscetur
1315 3843 1380 3896 per·

330 3907 447 3973 liuore,i
466 3905 694 3965 discretionem*
711 3912 841 3962 vestrum
853 3906 1004 3963 effectione
1023 3913 1146 3979 paterne
1157 3925 1306 3979 rogemus,
1326 3926 1380 3981 per

375 4036 409 4047 ..-
438 4037 497 4047 n...-

363 4108 464 4175 ¹secii]
485 4108 607 4174 supplied
617 4107 683 4159 irem
695 4106 727 4158 B.
877 4124 901 4173 p.
923 4112 980 4169 818,
997 4109 1042 4159 but
1058 4108 1100 4158 the
1119 4115 1176 4159 text
1193 4123 1273 4160 seems
1290 4109 1380 4175 faulty.

361 4188 372 4222 ²
389 4188 492 4254 eliceret]
511 4187 605 4248 dioelsi,
617 4186 673 4238 MS.
877 4187 910 4238 In
927 4188 969 4238 the
985 4203 1051 4252 copy
1068 4188 1099 4237 of
1112 4188 1180 4239 these
1197 4189 1283 4240 letters
1300 4189 1327 4238 in
1338 4190 1380 4240 the

361 4266 371 4301 ⁸
389 4267 472 4334 circii]
492 4266 613 4330 supplied
624 4265 689 4316 from
700 4264 731 4314 B.
877 4266 977 4317 “Liber
994 4265 1255 4329 Additamentorum‚”
1275 4268 1318 4318 iol.
1340 4275 1379 4327 63,

362 4348 371 4381 ⁴
390 4346 521 4413 licffcmie]
542 4343 664 4404 licionsls,
676 4343 731 4393 MS.
877 4344 920 4395 tire
936 4344 1040 4409 reading
1056 4345 1077 4395 is
1101 4345 1176 4410 giren
1193 4346 1259 4407 thus,
1279 4346 1380 4408 imbelle,

361 4428 371 4458 i
389 4426 423 4476 ml
433 4441 474 4477 ees
485 4425 627 4475 disceretur
640 4422 776 4488 periinere]
796 4422 831 4472 So
878 4425 986 4488 optinere
998 4433 1119 4475 noscetur.

329 4508 381 4560 else
404 4505 430 4557 lu
453 4505 484 4556 ll.
507 4518 568 4554 orer
590 4518 621 4553 an
644 4517 743 4552 erasure
774 4504 832 4561 (but
911 4502 1115 4571 ⁶discrederem]
1134 4504 1362 4568 recreemus.

330 4586 461 4653 originally
482 4584 611 4652 epitome),
631 4582 679 4633 end
699 4581 737 4631 ed.
751 4580 832 4643 Wcts,
