3060 5468
241 775 246 786 ¹
308 705 350 764 50
438 710 601 773 aramum
624 708 835 761 raarsraners
857 706 1020 760 mareau
1041 702 1241 757 laetorum

141 893 436 962 annosorum
457 889 562 954 fllium
585 887 872 954 transfunderetur
894 887 1104 961 truculenter,
1127 888 1162 949 et
1183 883 1355 969 negotium

309 992 431 1070 Crucis,
456 991 528 1057 Deo
551 990 690 1069 vindice,
713 990 943 1056 retardaretur.
989 987 1161 1073 Jussitque
1183 991 1255 1051 tam
1278 986 1358 1050 Fre·

308 1095 453 1161 thericus
487 1116 586 1180 quam
619 1095 709 1159 filius
743 1092 890 1180 ejusdem
913 1089 1109 1178 H[enricus]
1143 1094 1356 1167 memoratus,

309 1199 422 1263 eodem
444 1203 600 1285 tempore,
616 1218 659 1263 ne
681 1218 741 1284 per
763 1195 919 1273 Siciliam,
936 1193 1122 1261 Calabriam
1149 1199 1184 1259 et
1198 1192 1357 1279 Apuliam

308 1301 433 1366 cibaria
465 1301 598 1365 venalia
631 1300 763 1365 domino
795 1298 866 1386 regi
899 1298 1099 1362 Francorum
1132 1300 1358 1382 negarentur;

141 1416 264 1497 Replpof
310 1404 462 1469 similiter
493 1424 553 1490 pro
586 1424 663 1490 rege
685 1402 870 1489 Anglorum
893 1397 1130 1488 supplicando}
1183 1397 1357 1472 Praedictoe

143 1483 422 1603 ffiffffeutem
458 1505 564 1593 patris
601 1510 636 1570 et
667 1505 728 1570 filii
762 1504 920 1590 petitioni
957 1503 1003 1568 sio
1036 1501 1159 1567 dieitur
1191 1501 1266 1587 pius
1297 1520 1359 1564 rex

308 1610 512 1675 Francorum
534 1608 749 1696 respondisse,
765 1607 857 1672 “Per
879 1603 1143 1671 sanctissimam⁹
1158 1623 1224 1690 qua
1246 1601 1359 1689 signer

310 1732 447 1794 amcam,
471 1712 614 1778 libenter
629 1711 748 1776 vellem
770 1710 922 1796 precibus
944 1714 979 1774 et
1002 1706 1162 1774 desiderio
1185 1705 1359 1791 utriusque

310 1816 541 1895 obsecundare,
565 1815 593 1880 si
623 1813 795 1880 consilium
819 1835 929 1878 meum
951 1810 1167 1898 permitteret,
1191 1814 1225 1876 et
1247 1809 1359 1895 ipsum

311 1917 513 1983 Heariotum
544 1917 628 1982 mihi
662 1917 782 1982 habore
814 1915 1034 1981 collateralem
1068 1917 1103 1979 et
1135 1906 1360 1998 adoptivum.'’

311 2020 407 2089 Idem
430 2024 542 2085 autem
564 2040 624 2084 rex
640 2018 851 2097 Francorum,
867 2018 904 2082 in
925 2037 985 2082 sue
1007 2016 1169 2104 petitione
1191 2018 1360 2103 praetacta,

311 2143 429 2210 papam
452 2121 572 2187 durum
595 2123 726 2187 invenit
748 2125 783 2186 et
804 2118 1049 2185 inexorabilem.

320 2408 493 2475 Venerunt
515 2408 559 2474 isa
581 2408 753 2494 Aayle'om
782 2407 1055 2493 arehiepa'eeopee
1077 2405 1353 2495 Rctbomoqeaerb

604 2518 635 2577 et
656 2510 831 2597 episcopas
854 2511 894 2576 de
919 2511 1064 2577 Tortoeo.

147 2683 294 2734 Arauros
360 2667 406 2732 Et
428 2666 465 2732 in
487 2667 636 2733 Paschali
667 2667 912 2756 sollempnitate
946 2668 1206 2756 archiepiscopus
1237 2667 1363 2734 Retho-

147 2751 486 2868 fffflfflffmagensis,
509 2770 563 2835 vir
586 2771 719 2857 quidem
742 2778 875 2837 sanctus
898 2777 933 2837 et
957 2772 1116 2836 discretus
1140 2777 1174 2837 et
1195 2771 1299 2837 frater
1321 2773 1364 2837 de

147 2886 198 2935 and
208 2886 249 2950 bp.
262 2883 293 2934 or
315 2872 441 2939 Ordine
464 2871 656 2952 Minorem,8
678 2870 814 2940 natione
838 2874 995 2953 Francus,
1019 2874 1172 2940 venitin
1195 2872 1362 2960 Angliam,

148 2951 291 3085 {fflff
314 2982 354 3042 ut
377 2976 537 3064 quasdam
571 2979 685 3059 terras,
709 2999 784 3063 quae
817 2978 854 3042 in
886 2976 1010 3065 Anglia
1042 2983 1121 3043 sunt
1155 2981 1189 3043 et
1220 2975 1365 3044 ecclesiae

316 3077 575 3167 Rothomagensl
597 3079 762 3167 pertinere
794 3079 1019 3160 dinoscuntur,
1044 3102 1065 3145 a
1087 3080 1216 3166 quibus,
1239 3100 1313 3145 oum
1345 3101 1366 3144 a

316 3180 519 3248 Normannie
541 3184 760 3269 possessiones
783 3182 820 3248 in
842 3182 967 3270 Anglia
988 3205 1095 3270 nuper
1118 3182 1363 3259 auferebantur,

316 3284 530 3369 spoliabatur,
553 3286 598 3350 ad
630 3306 724 3350 suam
757 3290 935 3366 revocaret,
960 3285 1047 3351 facto
1074 3285 1116 3350 ob
1139 3285 1201 3351 hoc
1231 3283 1365 3350 domino

317 3385 388 3470 regi
410 3385 595 3472 Anglorum
630 3386 791 3475 homagio,
815 3384 984 3454 ditionem.
1031 3386 1085 3467 Et,
1109 3388 1198 3473 quod
1221 3386 1366 3474 petiita

318 3485 452 3551 domino
475 3510 560 3575 rege,
584 3486 764 3554 liberaliter
798 3490 953 3577 optinuit.
1000 3488 1047 3555 Et
1080 3490 1195 3556 eodem
1218 3495 1366 3577 tempore

318 3587 488 3675 episcopus
510 3589 552 3653 de
574 3587 718 3668 Tertesa,
735 3613 809 3676 quae
832 3593 941 3657 estin
965 3592 1060 3669 Siria,
1076 3593 1211 3660 natione
1226 3592 1365 3679 anglus,

318 3688 354 3752 in
368 3689 526 3779 Angliam
540 3692 643 3770 venit,
658 3692 768 3778 gratia
790 3692 903 3759 natale
925 3694 1030 3760 solum
1053 3698 1095 3773 et,
1120 3695 1148 3760 ei
1172 3717 1252 3781 quos
1275 3695 1369 3761 inve-

318 3791 414 3870 niret,
437 3797 591 3880 parentes
621 3794 790 3861 visitandi.
839 3797 905 3878 Qui
931 3819 1005 3862 curn
1029 3797 1073 3862 ad
1096 3798 1241 3885 patriam
1264 3819 1367 3875 suam,

319 3914 393 3980 queo
420 3894 524 3980 juxta
547 3897 737 3985 Radingum
771 3899 844 3979 fuit,
867 3899 1038 3978 venisset,4
1059 3922 1119 3965 nec
1151 3901 1287 3965 domurn
1310 3922 1368 3965 na

319 3995 421 4061 tionis
443 4018 512 4064 suae
534 4020 594 4064 nec
615 4004 769 4087 parentes
799 4000 976 4082 inveniret,
1001 4002 1114 4069 dolens
1136 4025 1287 4070 reversus
1310 4007 1369 4070 est

321 4098 387 4164 Hie
401 4100 581 4196 requisitus
603 4103 847 4188 inquirentibus
868 4105 1046 4183 enarravit,
1062 4107 1150 4192 quod
1173 4107 1231 4193 qui
1245 4107 1370 4173 residui

370 4269 449 4275 ..fi-n
463 4270 563 4277 ....-—
602 4272 831 4280 -—-.—-—..—
852 4276 855 4279 .
1179 4277 1219 4283 ι-
1237 4276 1367 4284 ·——-——-

1119 4277 1128 4282 .
1139 4277 1176 4283 -·—
1222 4277 1235 4283 .-

657 4379 673 4411 a
792 4383 805 4414 o
904 4367 914 4397 ³
931 4366 1072 4433 Minorem]
1087 4367 1117 4418 In
1130 4366 1159 4418 Ε,
1178 4369 1201 4418 io
1217 4367 1307 4430 added,
1325 4366 1373 4417 Ri-

321 4439 540 4506 Addedinmurg.
869 4462 950 4510 ponae
962 4451 1061 4498 nomine.

322 4520 371 4651 M²S
382 4521 574 4587 sorwtiaeimom]
612 4521 822 4582 emendaturam,
904 4525 914 4557 ⁴
932 4529 1047 4593 vermer]
1070 4529 1160 4578 Added
1170 4529 1198 4577 iu
1209 4540 1288 4594 marg.
