3060 5468
327 685 392 749 138
453 699 620 748 nstrum
642 699 857 750 remansere
879 699 1044 751 merome
1064 701 1264 757 moronus.

155 879 225 935 ΔΙ).
238 888 309 936 ma.
324 893 426 931 sorum
443 884 531 948 atquc
550 877 709 948 virginum,
724 876 914 948 omniumque
934 884 1102 933 sanctorum
1120 877 1186 943 Dei,
1207 896 1374 936 excommu-

323 961 467 1026 nicemus,
505 961 793 1025 anathematizamus,
826 968 856 1017 et
886 980 904 1016 a
933 962 1085 1018 liminibus
1126 970 1234 1020 sancte
1268 966 1373 1022 matris

324 1045 457 1102 ecclesia
483 1053 701 1118 sequestramus
736 1063 837 1101 omues
863 1046 940 1112 illos,
969 1047 1020 1118 qui
1046 1047 1150 1102 amodo
1185 1048 1312 1103 scienter
1343 1058 1373 1105 et

322 1130 470 1187 malitiose
488 1131 628 1188 ecclesias
640 1130 823 1203 privaverint
834 1130 883 1186 vel
896 1130 1087 1203 spoliaverint
1106 1148 1159 1187 suo
1173 1132 1251 1204 jure.
1283 1132 1369 1198 Item,

322 1232 422 1272 omnes
446 1215 522 1282 illos,
550 1216 602 1289 qui
629 1213 844 1270 ecclesiasticas
869 1214 1023 1270 libertates
1050 1215 1098 1269 vel
1124 1215 1261 1288 antiquas
1285 1216 1372 1290 regni

323 1299 547 1356 consuetudines
582 1299 740 1370 probatas,¹
766 1304 796 1352 et
823 1299 971 1370 praecipue
998 1298 1161 1362 libertates,
1200 1305 1230 1354 et
1261 1298 1370 1357 liberas

326 1383 641 1455 consuetudinesque
659 1383 690 1437 in
703 1381 801 1437 Certis
815 1382 1014 1437 communium
1032 1382 1217 1438 Libertatum
1235 1382 1371 1456 Angliae'

321 1467 405 1523 etde
424 1467 547 1523 Foresta
571 1465 766 1531 continentur,
786 1467 933 1521 concessis
958 1484 976 1520 a
1001 1466 1119 1521 domino
1145 1484 1216 1538 rege
1234 1467 1371 1539 Angliae³

319 1551 557 1624 archiepiscopis,
570 1550 727 1623 episcopis,
742 1555 772 1606 et
790 1550 896 1605 ceteris
912 1549 1031 1621 Anglioe
1049 1549 1188 1620 praelatis,
1203 1551 1368 1617 comitibus,

318 1635 487 1700 baronibus,
517 1634 661 1690 militibus
692 1640 721 1688 ct
747 1633 840 1688 libere
866 1634 1045 1699 tenentibus,
1072 1635 1288 1706 qualicunque⁴
1306 1642 1369 1692 arte

318 1720 367 1775 vel
393 1720 512 1791 ingenio
537 1718 666 1774 temere⁵
683 1715 882 1781 adoleverint,⁶
907 1718 1100 1773 diminuerint
1124 1736 1177 1773 seu
1195 1719 1369 1775 immutave-

317 1805 387 1869 rint,
408 1804 484 1860 clam
510 1803 557 1858 vel
580 1804 688 1874 palam,
708 1803 793 1866 facte,
814 1802 914 1867 verbo,
942 1803 989 1858 vel
1014 1803 1145 1868 consilio,
1174 1811 1273 1860 contra
1300 1804 1367 1860 illas

317 1888 365 1943 vel
390 1906 491 1943 earum
515 1887 655 1960 aliquam,
675 1888 707 1942 in
733 1904 918 1959 quocumque
943 1886 1067 1942 articulo
1086 1894 1196 1943 temere
1213 1888 1366 1945 veniendo.

318 1972 403 2035 Item,
429 1971 479 2026 in⁷
498 1972 575 2036 illos,
606 1972 657 2042 qui
685 1977 786 2026 contra
811 1970 878 2025 illas
896 1971 944 2025 vel
971 1989 1074 2025 earum
1101 1972 1231 2042 aliquam
1259 1978 1368 2028 statuta

317 2056 471 2121 ediderint,
492 2055 541 2111 vel
565 2055 643 2112 edita
670 2055 861 2121 servaverint,
890 2055 1114 2111 consuetudines
1141 2055 1365 2121 introduxerint,

316 2140 365 2195 rel
392 2139 572 2195 servaverint
608 2138 801 2203 introductas,
839 2138 997 2209 scriptores
1030 2143 1216 2203 statutorum,
1255 2157 1366 2196 necnon

316 2223 499 2280 consiliarios
525 2229 555 2279 et
582 2228 761 2288 executores,
790 2219 839 2277 et⁸
858 2222 909 2294 qui
937 2222 1099 2277 secundnm
1116 2241 1151 2277 ea
1168 2240 1365 2296 praesumpse-

315 2307 375 2362 rint
389 2306 533 2378 judicare.
578 2305 635 2375 Qui
659 2324 759 2361 omnes
779 2311 809 2361 et
827 2305 939 2378 singuli
958 2305 1094 2377 superius
1120 2307 1273 2361 memorati
1291 2307 1366 2363 hanc

316 2390 490 2447 seutentiam
509 2389 678 2445 incursuros
701 2407 733 2445 se
751 2388 888 2445 noverint
905 2390 969 2461 ipso
991 2390 1076 2454 facto,
1098 2389 1150 2460 qui
1168 2389 1296 2446 scienter
1314 2391 1366 2448 ali-

315 2473 387 2545 quid
417 2473 618 2529 commiserint
647 2473 683 2528 de
710 2473 868 2545 praedictis.
917 2472 973 2542 Qui
999 2473 1089 2529 vero⁹
1106 2474 1287 2547 ignoranter,
1307 2476 1365 2532 nisi

315 2558 483 2612 commoniti
508 2557 584 2611 infra
610 2557 788 2628 quindenam
805 2576 823 2612 a
839 2563 971 2629 tempore
998 2558 1233 2614 commonitionis
1253 2577 1284 2614 se
1303 2577 1366 2615 cor-

314 2641 452 2705 rexerint,
490 2647 520 2697 et
554 2641 676 2697 arbitrio
707 2641 924 2697 ordinariorum
953 2642 1069 2713 plenius
1101 2642 1299 2699 satisfecerint
1328 2645 1365 2699 de

313 2725 487 2791 commissis,
507 2732 612 2781 extunc
631 2726 691 2781 sint
708 2726 763 2780 hac
790 2726 936 2781 sententia
962 2726 1097 2783 involuti.
1147 2726 1258 2782 Eadem
1276 2728 1366 2783 etiam

313 2810 458 2866 sententia
475 2809 648 2865 innodamus
670 2827 770 2865 omnes
797 2809 874 2875 illos,
896 2808 947 2880 qni
974 2827 1078 2881 pacem
1110 2810 1191 2881 regis
1219 2816 1250 2866 et
1278 2812 1364 2884 regni

312 2894 553 2967 presumpserint
570 2893 752 2964 perturbare.
798 2892 835 2946 In
854 2892 939 2962 cnjus
955 2890 1025 2962 [rei]
1036 2892 1055 2924 ¹⁰
1067 2894 1240 2947 memoriam
1258 2896 1365 2965 sempi-

311 2985 434 3044 ternam,
454 2996 506 3033 nos
526 2978 627 3048 sigilla
644 2982 743 3031 nostra
761 2976 956 3047 praesentibus
974 2975 1110 3031 duximus
1129 2978 1307 3049 apponenda.

144 3097 296 3166 Thebans
357 3085 455 3151 Hanc
489 3088 601 3150 autem
633 3080 844 3161 seutentiam,
875 3104 896 3146 a
926 3104 1003 3170 rege
1035 3088 1069 3147 et
1103 3083 1256 3148 omnibus
1289 3083 1363 3149 aliis

143 3164 291 3284 {fflsshis
311 3188 499 3253 voluntarie
540 3207 733 3264 concessam,
777 3184 856 3249 fecit
910 3184 1079 3272 episcopus
1124 3185 1362 3251 Lincolnieusis

144 3308 258 3351 manee
272 3309 299 3350 to
313 3291 477 3355 Robertus
501 3289 537 3353 in
561 3287 681 3354 diocesi
704 3309 764 3351 sua
786 3286 976 3372 frequenter
998 3287 1138 3351 recitari.

142 3366 174 3416 be
185 3368 245 3416 read
255 3367 283 3416 in

143 3430 183 3481 hls
192 3432 298 3484 diocese.

313 3513 374 3582 Fit
395 3513 614 3603 querimonia
637 3535 660 3580 α
688 3511 965 3580 Woeconcoeibua
988 3511 1029 3578 cle
1052 3512 1205 3600 Spemne,
1229 3513 1347 3581 comite

713 3613 948 3701 Leprceceteicc.

143 3764 298 3830 Complura
358 3756 529 3822 Paridem
561 3758 691 3839 tempus
722 3752 799 3818 fecit
830 3776 891 3818 rex
925 3752 1098 3819 acclamari
1121 3753 1157 3817 in
1178 3754 1361 3833 wasconia,

141 3832 256 3951 ffim
311 3858 399 3946 qnod
442 3858 553 3921 nullus
586 3860 709 3920 extunc
740 3855 853 3921 comiti
890 3854 1050 3942 S[im0ni]
1087 3855 1276 3923 intenderet
1306 3857 1361 3922 vel

141 3965 240 4030 agnus
253 3970 293 4020 the
312 3959 465 4026 obediret.
512 3956 754 4022 Mandaverant
776 3958 864 4022 enirn
897 3959 989 4043 prius
1022 3959 1093 4044 regi
1116 3957 1360 4038 Wasconenses,

344 4150 351 4181 ¹
367 4148 499 4216 probatus]
519 4148 749 4212 approbatas,Cott
762 4148 812 4198 and
832 4147 836 4213 ¹.
890 4148 1073 4215 ⁶violeeerint]
1104 4148 1264 4212 violaverint,
1285 4149 1361 4200 inire-

309 4230 358 4340 1³5²·
370 4306 480 4373 Anplioe]
500 4307 557 4358 Om.
567 4307 617 4372 By.
856 4227 1151 4373 geiliiicgrtsinaedciityti
1164 4309 1213 4358 and
1225 4310 1273 4374 Ry.

343 4388 353 4420 ³
370 4387 479 4453 duplice]
499 4387 556 4437 Om.
570 4386 635 4436 Cott.
647 4387 697 4437 and
707 4387 757 4452 Ry.
890 4384 901 4416 ⁸
918 4387 954 4451 et]
975 4387 1032 4437 Om.
1044 4387 1093 4450 Ry.

341 4467 351 4499 ‘¹
369 4464 540 4532 qualicunque]
569 4480 723 4529 quacunque,
744 4464 810 4514 Cott.
832 4486 835 4497 ·
889 4465 986 4531 9υενο]
1006 4474 1097 4525 autem,
1110 4466 1175 4517 eon.

310 4548 421 4611 andRy.
889 4542 909 4574 ¹⁰
926 4544 975 4609 rer]
1002 4544 1125 4610 Supplied
1147 4544 1213 4596 from
1234 4547 1271 4608 ll..
1284 4547 1360 4607 Octa,

341 4628 352 4659 ³
370 4626 470 4692 temne]
490 4623 547 4675 Om.
560 4620 626 4674 cote
639 4623 689 4672 and
700 4623 748 4686 ny.
856 4624 905 4673 and
916 4624 966 4688 Ry.
