3060 5468
336 726 384 773 ns
404 727 564 775 rmore
584 727 685 775 aneis
707 728 853 776 amarer
874 727 997 776 ruant
1125 711 1190 781 277

145 877 253 965 erimts
280 903 357 956 unde
386 903 557 973 praesidium
582 923 602 958 a
627 904 863 960 Christianorum
892 904 1075 976 principibus
1105 920 1190 973 coge·
1203 904 1354 960 mitet.

145 983 251 1039 bantur
274 986 441 1057 implorare,
468 987 521 1042 sed
543 988 675 1059 optinere
704 1007 762 1044 non
791 974 1024 1061 promeruerimt
1068 987 1100 1043 si
1123 986 1190 1057 quis

144 1075 243 1123 autem
261 1070 392 1142 ipsorum
409 1072 597 1126 Tartarorum
610 1090 764 1128 numerum
776 1086 807 1129 ct
823 1074 984 1144 potentiam
1001 1071 1188 1143 exprimeret,

11 1220 13 1228 ‚
55 1221 69 1232 ..
143 1153 277 1209 veritatis
306 1162 400 1210 metas
428 1157 585 1210 manifesto
615 1157 782 1228 transgredi
811 1157 972 1212 videretur.
1020 1155 1190 1226 Eodemque

143 1255 229 1302 anno,
259 1247 298 1293 νο.
325 1238 392 1294 idus
416 1239 502 1294 Junii
520 1281 528 1294 .
549 1280 557 1293 .
578 1282 585 1294 .
605 1240 721 1305 Petrus,
752 1260 821 1297 cum
846 1241 910 1312 jam
939 1240 1094 1296 eeclesiam

143 1328 262 1377 strenue
291 1325 491 1394 gubernasset.
545 1325 604 1380 Hic
633 1326 831 1390 laudabiliter,
862 1326 901 1380 ad
929 1326 1068 1381 honorem
1098 1325 1188 1380 totius

142 1406 276 1476 Anglicae
300 1410 436 1473 nationis,
457 1406 737 1480 [peregrinationem
762 1410 793 1465 in
819 1410 912 1465 Terra
937 1408 1075 1476 Sancta]¹
1092 1427 1187 1471 suam,
1201 1409 1355 1464 Gooddoedr

142 1509 201 1545 una
217 1510 285 1546 cum
301 1494 459 1549 Exoriensi
477 1495 614 1566 episeopo
630 1496 763 1566 perfecit.
800 1495 910 1550 Demos
927 1494 1070 1565 plurimas
1086 1493 1189 1564 religi-
1200 1476 1323 1556 ΟῙΡἪ»,

141 1594 259 1630 osorum
277 1579 457 1643 construxit;
481 1597 585 1649 pacem
609 1580 686 1634 inter
703 1597 809 1651 papam
827 1586 858 1634 ct
875 1580 1081 1649 imperatorem
1098 1578 1189 1630 resor-
1200 1544 1355 1662 Efflffm'

141 1661 241 1740 mavit
289 1661 362 1716 Haec
392 1670 460 1717 sunt
484 1663 602 1718 nemina
625 1663 779 1719 domorum
804 1680 877 1733 quas
903 1661 1053 1715 fundavit:
1084 1659 1186 1723 Hales,
1297 1649 1305 1664 '

142 1744 399 1815 ....hospitale
416 1747 646 1802 dePortesmue.
685 1746 772 1811 Item,
791 1745 932 1801 Ordinem
951 1746 1075 1799 fratrum
1095 1745 1188 1799 saneti

140 1826 257 1881 Thomae
275 1831 405 1884 martiris
429 1832 460 1884 in
478 1830 569 1885 Terra
588 1831 695 1886 Sancta
712 1830 871 1901 reparavit,
899 1833 929 1883 et
956 1829 1051 1899 ipsam
1069 1827 1188 1884 domum

139 1929 158 1964 a
183 1912 247 1967 loeo
274 1913 372 1985 inepto
401 1914 541 1986 adeptum
568 1914 730 1979 transtulit,
757 1919 789 1968 et
813 1911 925 1967 eisdem
949 1911 1090 1967 iratribus
1120 1931 1187 1968 con·

140 1998 247 2052 struxit
264 1999 392 2053 officinas
416 2017 484 2053 cum
508 1999 648 2064 ceclesia;
677 2006 708 2054 et
732 1998 903 2068 impetravit
919 2014 938 2050 a
954 1997 1131 2068 patriarcha,
1154 2004 1188 2052 ut

140 2081 265 2150 speciale
283 2083 402 2153 signum
420 2090 579 2154 portantes,
599 2083 690 2137 vitam
714 2081 855 2137 ducerent
878 2081 965 2136 solito
982 2081 1138 2136 arctiorem
1156 2088 1188 2136 et

139 2164 344 2221 honestiorem.
382 2167 535 2237 Diligebat
559 2174 657 2224 autem
675 2167 793 2223 domum
814 2166 898 2221 illam
916 2184 970 2237 pro
987 2183 1087 2221 amere
1105 2167 1186 2237 regis

140 2247 269 2313 Ricardi‚
292 2270 345 2322 pro
369 2252 454 2322 cujus
478 2253 575 2306 anima
601 2252 705 2322 ipsam,
734 2257 769 2305 ut
797 2250 909 2306 dictum
936 2255 991 2315 est,
1023 2250 1185 2321 ampliavit,

141 2339 240 2403 utpote
259 2335 402 2405 primitivi
421 2336 593 2391 fundatoris.
631 2336 708 2392 Item
730 2335 845 2406 Jopeu.
861 2376 868 2388 .
884 2375 891 2388 .
907 2376 914 2389 .
928 2334 1087 2406 delegavit.
1124 2334 1187 2389 Ber
1200 2347 1328 2414 Theffing

140 2417 204 2473 loco
221 2420 314 2491 ipsius
331 2421 523 2485 willelmum,
536 2419 747 2476 Valentinum²
759 2420 893 2482 electum,
908 2420 1068 2490 subrogare
1086 2419 1117 2473 in
1129 2419 1188 2491 epi·
1200 2415 1308 2493 smum,
1318 2431 1347 2466 ¹⁸

141 2510 261 2573 scopatu
273 2505 439 2569 conabatur,
454 2506 525 2561 licet
535 2507 623 2576 paulo
635 2512 702 2561 ante
714 2504 914 2576 episcopatum
927 2503 1118 2559 Leodiensem
1131 2503 1189 2558 sibi
1202 2482 1241 2532 ¹¹¹⁸
1252 2497 1309 2532 ⁸¹¹⁰·

140 2585 333 2657 adquisisset;
360 2589 436 2644 unde
455 2591 550 2644 relatu
568 2590 707 2661 indignas
724 2589 849 2644 ecclesia
870 2588 1080 2644 wintoniensis
1101 2588 1189 2643 susti·
1201 2564 1324 2676 inu-,ffitm’

140 2672 206 2725 nuit
223 2673 435 2728 tribulationes.
474 2674 564 2729 Redit
576 2691 593 2727 a
605 2674 737 2728 Romana
754 2674 837 2728 curia
854 2672 1091 2744 archiepiscopus
1114 2672 1188 2727 Can·
1202 2683 1242 2745 bp.
1254 2682 1318 2733 elect
1325 2681 1355 2733 ot

140 2757 297 2811 tuariensis
309 2755 520 2827 E[dmundus],
533 2760 564 2813 in
584 2759 669 2828 cujus
687 2756 815 2812 adventu
826 2755 925 2810 tristia
937 2756 1051 2810 invenit
1063 2761 1092 2810 ot
1104 2755 1187 2810 dura.
1202 2748 1324 2799 Valenti&

139 2838 217 2893 Nam
230 2860 303 2910 quos
321 2843 630 2906 excommunicaverat,
645 2843 762 2912 legatus
781 2839 968 2894 denunciavit
987 2838 1145 2902 absolutos,
1160 2845 1190 2893 et
1202 2814 1326 2929 Fffmussd‘

139 2925 238 2977 omnia
256 2928 333 2978 facta
357 2927 421 2995 ejus
447 2926 478 2978 in
505 2925 621 2980 irritum
649 2930 848 2979 revocaverat.
886 2922 956 2991 Quin
987 2922 1085 2976 omnia
1109 2921 1189 2976 vide·
1202 2895 1306 2995 ima..

138 3007 244 3061 bantur
262 3010 363 3078 procul
387 3010 476 3063 dubio
503 3009 533 3063 in
557 3008 762 3079 prejudicium
781 3005 991 3077 archiepiscopi
1009 3005 1183 3071 redundare,
1202 3014 1325 3075 bury,re·

139 3097 169 3143 et
187 3091 374 3161 obprobrium
393 3111 460 3147 cum
478 3100 645 3163 contemptu
664 3110 814 3162 generare.
852 3091 947 3145 Immo
966 3089 1054 3144 etiam
1072 3089 1184 3145 domes·
1197 3086 1267 3128 ΜΒ
1277 3077 1342 3130 ff⁰¹¹¹

139 3175 213 3229 ticos
233 3194 309 3240 suos,
325 3178 439 3232 scilicet
457 3178 612 3232 monachos
625 3177 861 3240 cantuarienses,
876 3175 907 3229 in
918 3175 1017 3246 ipsum
1029 3175 1183 3239 auscitano,
1198 3146 1297 3262 wgo

139 3267 240 3314 eontra
257 3261 355 3331 ipsum
373 3262 625 3333 archiepiscopum
649 3262 840 3332 exasperavit.
879 3259 950 3328 Qum
974 3266 1072 3315 tamen
1090 3259 1186 3315 emnia
1198 3279 1277 3329 oftbe
1298 3228 1324 3263 Β

138 3346 384 3417 archiepiscopus,
405 3351 506 3416 utpote
523 3346 569 3400 vir
593 3344 835 3417 patientissimus,
856 3362 959 3399 sereno
983 3344 1068 3399 vultu
1086 3343 1186 3414 pallia·
1199 3345 1280 3423 legate

139 3431 190 3495 vit,
211 3449 229 3484 a
247 3430 309 3485 Deo
334 3431 485 3501 postulans
509 3431 540 3484 in
565 3429 753 3484 tribulatione
778 3429 1012 3484 consolationem.
1050 3420 1295 3490 Menaehisstimult

138 3514 352 3570 Wintonienses
380 3516 412 3571 in
439 3521 586 3587 pastorem
611 3513 775 3568 animarum
800 3531 921 3567 suarum
946 3513 1100 3584 elegorimt
1124 3480 1281 3609 sivcffipl1
1301 3549 1334 3612 ΒΡ

137 3600 322 3669 postularunt
340 3601 509 3670 episcopum
528 3598 742 3654 Gieestrensem
758 3595 955 3666 Radulphum‚
975 3598 1055 3668 regis
1074 3598 1185 3652 cancel·
1198 3584 1349 3665 oschisshoe'.

137 3685 252 3739 larium.
293 3685 375 3752 Quod
388 3702 456 3740 cum
467 3701 550 3756 papae
562 3681 747 3745 innotuisset,
761 3681 862 3736 timuit
879 3698 915 3734 ne
928 3699 1029 3753 regem
1042 3681 1185 3735 animaret
1196 3687 1242 3740 ter,
1254 3680 1350 3758 allsted

137 3768 173 3822 ad
191 3769 456 3834 contradicendum,
475 3787 512 3824 ne
537 3769 665 3824 solveret
689 3766 833 3822 tributum
859 3765 977 3831 Roman
1006 3766 1081 3819 unde
1103 3764 1184 3821 dedit
1195 3747 1235 3809 ΒΡ·
1243 3746 1350 3797 0me·

137 3853 290 3906 conventui
322 3853 514 3908 Wintoniensi
551 3854 582 3907 in
612 3851 766 3915 mandatis,
793 3856 827 3904 ut
850 3850 942 3905 alium
967 3849 1111 3920 eligerent
1134 3813 1300 3930 uutffifft’

137 3937 325 4006 postularent.
364 3937 542 3992 Memoratus
568 3937 646 3991 enim
674 3935 838 4006 episeopus,
867 3941 901 3988 ut
926 3934 1074 3989 asserebat
1099 3952 1182 4006 papa,
1196 3949 1320 4012 accepted,

137 4022 260 4076 festinus
279 4024 336 4076 fuit
354 4023 384 4076 in
402 4023 500 4085 verbe,
520 4027 550 4075 et
567 4021 836 4090 incircumspectus.
875 4017 1000 4091 Insuper
1015 4037 1067 4073 rex
1090 4020 1183 4074 iratus

137 4105 259 4160 abstulit
283 4108 319 4160 ab
345 4126 378 4161 co
405 4107 545 4177 sigillum,
575 4112 603 4159 et
629 4104 778 4160 commisit
803 4101 905 4158 illud.
927 4144 933 4157 .
956 4144 962 4157 .
982 4102 1080 4164 militi,
1108 4121 1184 4157 nuno

138 4191 249 4245 Simoni
268 4191 447 4254 Nermauno,
468 4190 665 4258 bajulandum.
712 4187 824 4244 Eodem
845 4194 976 4258 tempere
995 4188 1101 4243 accidit
1119 4186 1184 4257 regi

137 4275 284 4345 quoddam
314 4275 479 4344 periculum
499 4315 505 4327 .
528 4315 534 4327 .
556 4314 563 4327 .
584 4314 591 4328 .
612 4274 799 4339 infatuatum,
830 4274 880 4344 qui
911 4273 1008 4345 potius
1030 4272 1184 4343 jugulator

137 4380 224 4432 quam
240 4360 385 4431 joculator
397 4357 581 4429 postmodum
593 4365 638 4413 est
650 4365 792 4430 ropertus.
831 4358 926 4414 Nocte
945 4358 1023 4413 euim
1040 4356 1184 4427 profunda

140 4498 258 4505 -.-—.
270 4497 337 4502 ..—

171 4578 177 4608 ¹
192 4577 410 4642 perspicatiores
434 4611 439 4623 .
466 4610 472 4623 .
497 4611 504 4624 .
525 4571 633 4637 Sancta]
713 4572 723 4604 ²
747 4571 910 4636 Valentinum]
932 4568 1109 4629 walentinum,
1125 4566 1181 4618 MS.

137 4657 255 4721 Supplied
266 4656 331 4706 from
343 4654 411 4704 llist.
424 4653 495 4719 Arpi.
