3060 5474
362 734 410 783 nr
433 735 594 784 rauroau
616 736 715 786 unsis
738 736 893 800 saunier,
916 739 984 791 vra.
1006 741 1130 792 suurn.
1210 729 1270 792 101

218 908 363 994 ejusdem
386 907 443 977 H.l
467 910 589 975 electus
616 915 667 977 est
701 932 810 976 comes
835 911 1020 994 Gelrensis3
1048 916 1107 980 sed
1131 919 1270 981 mortem
1281 928 1351 983 AJ).
1367 939 1437 987 12⁵1.

216 1011 467 1099 ignominiosam
490 1013 607 1099 prioris
629 1013 847 1095 considerans,
862 1016 1035 1083 recusavit.
1081 1017 1161 1083 Post
1183 1018 1272 1084 hune

217 1115 286 1179 dux
308 1114 507 1193 Brabantire,
532 1116 590 1200 qni
620 1121 655 1181 et
678 1116 911 1203 Letharingiee,
934 1119 992 1183 sed
1015 1123 1049 1184 et
1081 1119 1153 1205 ipse
1184 1121 1273 1190 refu-

216 1214 326 1283 tavit²
371 1217 451 1282 Post
472 1217 561 1284 hunc
588 1239 695 1284 eomes
718 1219 886 1298 Rieerdus,
910 1219 1012 1286 frater
1035 1221 1161 1287 domini
1184 1222 1271 1310 regis

216 1319 354 1407 Angliee,
379 1319 495 1406 quiet
529 1342 612 1386 onus
646 1321 757 1387 renuit
789 1327 824 1387 et
855 1322 1007 1408 pericula.
1053 1323 1133 1390 Post
1163 1322 1278 1410 quem,

215 1421 316 1508 elegit
333 1444 420 1510 papa
435 1421 646 1499 willelmum,
665 1422 843 1489 Holandiae
859 1423 1020 1491 comitem.
1067 1424 1133 1505 Qui
1148 1429 1271 1493 temere

216 1524 387 1601 consensit,
420 1529 454 1590 et
479 1524 559 1610 jam,
590 1524 743 1589 omnibus
774 1525 912 1603 amissis,
936 1525 979 1590 ad
1012 1547 1105 1591 suam
1137 1531 1269 1606 terram,

215 1648 313 1711 quam
339 1625 435 1690 fratri
465 1648 524 1692 suo
546 1627 725 1712 reliquerat
756 1631 791 1693 et
825 1627 973 1704 dederat,
995 1626 1069 1693 est³
1100 1630 1249 1715 repulsus
1261 1655 1269 1710 ;

214 1727 302 1793 unde
336 1727 536 1814 muscipulos
568 1734 603 1793 et
648 1727 880 1815 promissiones
920 1729 1053 1816 papales
1090 1729 1268 1810 detestans,

198 1829 400 1896 'mendicare
423 1829 606 1917 cogebatur.

213 2099 308 2166 Mota
329 2104 375 2166 cet
397 2097 572 2168 discordia
593 2098 686 2166 iata·
715 2097 801 2165 daos
819 2097 1075 2185 potentissimos
1096 2099 1266 2169 Sotclaaoe

599 2200 877 2269 sarracenorum.

255 2350 380 2418 Diebus
402 2357 516 2418 autem
546 2353 608 2418 sub
631 2352 754 2420 eisdem
784 2356 875 2417 mota
898 2357 950 2418 est
980 2352 1144 2420 discordia
1176 2355 1383 2433 internam

211 2452 293 2518 duos
322 2453 578 2521 sarracenorum
600 2454 855 2543 potentissimos,
887 2454 1013 2521 scilieet
1035 2455 1264 2543 Alapiensium
1276 2446 1429 2567 ffiffim

210 2563 245 2622 et
267 2558 517 2624 Babiloniorum
540 2559 710 2639 Soldanos,
735 2581 810 2645 quae
836 2559 1001 2625 discordia
1027 2583 1118 2647 spem
1141 2561 1183 2627 de
1205 2577 1413 2645 suaoflleppo

210 2660 424 2726 tribulatione
441 2660 640 2727 Christianis
655 2662 835 2748 generavit.
881 2661 988 2748 Super
1003 2683 1077 2748 quo,
1094 2669 1133 2729 ut
1148 2663 1264 2729 melius
1274 2646 1326 2761 ff}
1336 2646 1422 2712 Baby-

210 2763 472 2845 eertifiearemur,
495 2764 609 2830 literas
631 2786 652 2828 a
669 2762 828 2850 Magistro
845 2763 1030 2851 Hospitalis
1052 2766 1261 2852 suscepimus,
1273 2789 1362 2842 utta

211 2864 273 2930 sub
295 2865 357 2930 hac
378 2866 492 2932 forma
539 2867 676 2953 Respice
698 2865 734 2929 in
756 2866 840 2931 libro
868 2865 1195 2948 Additamentorum,
1217 2868 1261 2933 ad
1274 2855 1411 2974 ffiffi

211 2967 271 3033 hoo
299 2968 432 3055 signum
452 2967 604 3052 ὓΗ-ρρ
659 2968 725 3049 Qui
758 2968 847 3032 enim
869 2967 1051 3033 Soldanum
1078 2969 1261 3035 Babilonise
1274 2987 1395 3065 mellos-

208 3070 426 3152 interfeeerat‚
463 3073 500 3136 in
537 3075 669 3136 tantum
707 3070 813 3135 elatus
851 3075 901 3134 est
939 3069 1132 3155 superbiam,
1172 3053 1343 3154 quodpml

209 3195 321 3239 omnes
344 3176 387 3240 ad
409 3175 493 3238 iram
515 3173 695 3239 commovit
718 3171 901 3237 orientales.
938 3170 1015 3257 Ipse
1038 3172 1127 3236 enim
1143 3170 1259 3236 Solda·

208 3296 270 3340 nus
301 3276 355 3341 vir
388 3276 498 3340 fuerat
530 3275 691 3341 discretus
723 3280 758 3339 et
790 3272 966 3348 modestus,
1000 3278 1035 3337 et
1071 3293 1140 3337 suae
1177 3272 1259 3358 legis

209 3377 332 3443 zelator
369 3377 556 3444 indefessus.
617 3378 664 3441 Et
712 3398 786 3440 cum
825 3374 972 3461 graviter
1008 3372 1259 3460 redargueretur
1272 3389 1396 3442 Thesa-

208 3501 304 3567 super
325 3481 395 3561 hoo,
411 3480 499 3566 quod
521 3501 632 3569 regem
648 3479 849 3544 Francorum
865 3476 981 3541 vivum
997 3482 1032 3541 et
1053 3478 1258 3564 redemptum
1271 3458 1388 3589 {mn

207 3584 297 3649 abire
319 3584 528 3670 permisisset,
549 3583 595 3647 sie
618 3581 740 3646 dicitur
762 3578 976 3665 respondisse,
1001 3587 1017 3613 “
1033 3579 1150 3657 Amici,
1167 3580 1258 3644 scitis
1270 3590 1369 3668 blamed
1381 3593 1421 3642 sor

207 3688 362 3772 quoniam
396 3687 543 3751 omnium
567 3684 831 3750 Christianorum
862 3679 1087 3746 nobilissimus
1110 3686 1161 3744 est
1192 3681 1256 3748 ille.
1270 3657 1429 3788 ffileffffigof

206 3789 243 3854 Si
265 3789 368 3875 igitur
398 3789 607 3864 occideretur,
631 3783 866 3870 consanguinei
889 3782 960 3866 ejus
994 3786 1029 3845 et
1060 3803 1257 3848 successores
1269 3790 1405 3841 Franceto

207 3897 277 3958 toto
296 3891 414 3978 spiritu
437 3888 655 3955 anhelarent⁵
670 3888 713 3952 ad
728 3886 918 3950 vindictam.
966 3883 1139 3962 Praeterea,
1162 3907 1253 3951 suam
1268 3857 1369 3973 mg

240 4140 316 4206 ¹H.]
339 4140 395 4190 The
406 4146 484 4189 count
498 4139 527 4188 ol
543 4138 664 4188 Gueldres
682 4144 707 4184 ut
728 4130 730 4163 ἶ
787 4133 796 4162 ⁴
817 4132 841 4180 iu
859 4130 920 4180 libro
937 4129 1173 4196 Aclditaurcntoruru]
1199 4133 1254 4183 The

208 4219 257 4268 uhts
274 4220 360 4283 period
378 4235 428 4269 was
446 4220 536 4268 nanred
552 4216 623 4267 oure.
658 4215 706 4264 llis
754 4228 822 4262 earne
840 4212 968 4262 reference
986 4211 1008 4260 is
1026 4212 1102 4276 given
1113 4211 1140 4260 in
1152 4213 1183 4262 B.
1200 4215 1251 4276 (cd.

207 4299 307 4348 brother
317 4298 405 4360 chry
418 4314 468 4348 was
482 4298 555 4347 made
573 4295 663 4358 bishop
681 4295 711 4343 of
756 4294 835 4351 ll'uts,
858 4309 881 4357 p.
903 4293 974 4354 808),
994 4293 1045 4342 and
1066 4291 1110 4341 the
1127 4291 1213 4341 letter
1232 4293 1254 4342 is

207 4378 285 4441 Licge
303 4377 330 4426 in
351 4382 422 4429 12⁴7.
459 4377 506 4427 See
521 4377 605 4433 Perta,
625 4374 707 4423 “llo-
728 4408 731 4435 ,
755 4373 854 4437 printed
865 4373 899 4438 by
912 4371 994 4431 Wuts,
1005 4386 1028 4434 p.
1045 4374 1100 4430 131,
1118 4370 1183 4419 stom
1197 4371 1253 4422 MS.

207 4464 325 4505 numento
337 4455 513 4514 Gemanica‚”
526 4471 551 4503 x.
564 4459 621 4504 396.
755 4454 821 4503 Cott.
833 4451 901 4501 Nero
914 4451 946 4498 Ι).
959 4448 1042 4510 1.,f01.
1057 4453 1113 4497 121.

240 4534 249 4564 -“
268 4536 400 4599 replecavit]
420 4537 461 4584 (ln
472 4551 504 4585 an
516 4549 623 4584 erasure.
788 4536 798 4565 ⁵¹
815 4534 970 4597 crucicularum]
990 4532 1144 4592 hanclurent,
1156 4530 1213 4581 tls.

239 4614 249 4644 ³
267 4614 315 4678 cst]
336 4614 479 4664 lntcrfined.
