3060 5468
333 663 376 727 ta
454 670 622 725 usurum
646 666 864 721 usursruusrs
887 664 1054 719 mercen
1075 664 1281 721 mucosus.

162 980 230 1035 al).
244 982 316 1035 ιιιι.
391 965 583 1057 Episcopus
606 962 839 1031 Nooaoioecsc'o
859 959 966 1029 rediit
987 983 1011 1029 a
1036 962 1138 1031 cruta
1160 964 1333 1032 Rootcun

163 1149 315 1269 theopo?
378 1141 504 1209 Eodem
526 1161 624 1216 anuo,
644 1137 801 1205 videlicet
822 1136 858 1203 in
882 1139 1074 1222 autumpno,
1098 1137 1200 1204 rediit
1223 1139 1396 1227 episcopus

164 1216 285 1337 {iffi
333 1242 565 1319 Norwiceusis,
580 1241 635 1308 vir
650 1239 783 1325 quidem
804 1238 972 1325 eleganter
993 1239 1150 1306 literatus
1165 1247 1200 1306 et
1222 1241 1394 1324 facundus,

164 1352 230 1403 from
332 1345 468 1415 cauria
482 1345 642 1411 Romana.
689 1341 756 1422 Qui
771 1340 925 1406 misertus
940 1361 977 1407 ao
993 1342 1153 1408 miserans
1168 1364 1268 1432 super
1289 1346 1394 1411 vodis

164 1418 292 1547 iffi„
333 1448 466 1537 Angliae
483 1443 750 1534 oppressionibus
772 1448 985 1530 suggesserat,
999 1448 1039 1510 ut
1062 1445 1216 1524 creditur,
1241 1448 1393 1534 precibus

165 1561 296 1629 prolana
333 1574 372 1619 ao
403 1549 549 1617 lacrimis
571 1545 794 1623 accumulatis,
818 1550 858 1613 ut
890 1545 998 1611 Deum
1031 1546 1155 1613 habens
1187 1571 1257 1635 prae
1280 1551 1392 1631 oeulis,

164 1625 475 1747 fflssffissipatcrna
497 1651 624 1739 pietate
646 1669 748 1735 regno
764 1646 906 1734 Angliae,
926 1648 990 1715 sibi
1012 1671 1081 1735 pue
1104 1650 1260 1719 omnibus
1282 1653 1393 1740 regnis

165 1759 317 1813 ecoleuuu-
335 1758 468 1836 d0v0t0‚
492 1750 657 1841 parcendo
691 1749 944 1816 misericorditer
976 1751 1179 1832 subveniret,
1204 1759 1246 1830 et
1280 1755 1393 1840 quiete

165 1827 292 1947 im*
335 1879 490 1926 concesso
527 1877 595 1942 qua
631 1854 758 1919 valeret
795 1851 965 1940 respirare,
1004 1852 1171 1941 benigne¹
1194 1855 1392 1942 provideret.

166 1960 294 2027 ltcgund.
336 1958 590 2029 Provisionibus
620 1955 710 2023 enim
741 1954 937 2042 urgentibus
963 1954 1035 2041 jam
1072 1956 1393 2024 innumerabilibus²

335 2064 454 2133 diatim
494 2057 812 2146 supervenientibus,
850 2057 910 2121 vix
948 2058 1039 2125 valet
1076 2057 1197 2144 aliquis
1230 2060 1392 2146 -praelstus

335 2169 434 2235 tutus
465 2158 622 2240 urium?
643 2164 683 2225 ut
712 2159 815 2246 possit
848 2158 948 2227 alicui
977 2159 1093 2226 clerico
1115 2163 1254 2248 pauperi
1276 2163 1392 2250 perito,

337 2273 373 2335 et
396 2266 440 2331 ad
463 2285 557 2330 curas
590 2260 776 2326 animarum
806 2259 933 2337 idoneo,
955 2261 991 2326 in
1014 2263 1124 2348 aliquo
1147 2265 1290 2346 redditu,
1313 2265 1393 2333 licet

338 2368 442 2447 tenui,
474 2364 623 2431 caritatis
654 2364 781 2428 intuitu
814 2365 994 2451 providere,
1029 2387 1104 2430 cum
1130 2371 1268 2446 constet,
1303 2369 1392 2453 quod

338 2474 377 2538 in
400 2468 551 2549 ecclesiis,
574 2488 649 2555 quae
664 2465 706 2531 ab
729 2466 970 2533 inclusionibus
989 2468 1090 2534 variis
1112 2469 1336 2551 infestantur,⁴
1358 2479 1392 2537 et

339 2578 411 2644 dies
433 2574 512 2657 mali
535 2578 622 2651 sunt,
645 2594 773 2638 necesse
796 2572 840 2638 sit
855 2572 975 2639 habere
998 2574 1130 2640 clericos
1159 2576 1273 2642 fideles
1290 2577 1391 2663 juris-

339 2678 464 2767 peritos
486 2680 521 2741 et
544 2674 769 2763 opportunos⁶
785 2674 971 2740 animorum
994 2681 1150 2764 pastores,
1167 2684 1203 2747 et
1224 2679 1260 2745 in
1282 2681 1391 2767 patria

339 2783 456 2867 lingua
477 2779 521 2844 sd
549 2778 794 2866 praedicandum
820 2778 943 2864 peritos
965 2784 999 2845 et
1028 2780 1195 2847 facundos.
1241 2783 1286 2847 Et
1316 2805 1391 2848 cum

339 2888 524 2952 humanum
555 2883 608 2964 sit,
632 2881 859 2972 indigentibus
882 2884 1133 2970 consanguineis
1155 2890 1191 2951 ot
1220 2885 1390 2951 familiari-

339 2991 402 3055 bus
435 2993 470 3052 ot
504 2987 618 3053 amicis
639 2986 731 3052 omni
756 2987 881 3051 honore
913 2986 1031 3073 dignis,
1062 2988 1196 3074 aliquod
1218 2988 1272 3055 vel
1304 2989 1391 3054 exile

340 3113 408 3157 non
431 3093 585 3176 poterant
607 3090 752 3156 conferre
775 3087 979 3168 beneficium,
1002 3110 1076 3154 cum
1100 3090 1190 3156 dicat
1214 3091 1388 3178 spostolus,

342 3202 359 3230 ‘⁴
376 3192 441 3274 Qui
464 3193 531 3258 suis
553 3216 620 3258 non
643 3189 819 3280 providet}¹
841 3191 984 3256 infidelis
1000 3196 1034 3256 et
1056 3190 1184 3257 infideli
1207 3192 1390 3259 deterior.'’'

342 3295 522 3381 Episcopus
551 3295 704 3360 similiter
726 3293 963 3359 Lincolniensis
992 3314 1053 3380 pro
1076 3315 1177 3382 regno
1201 3295 1390 3385 interpelle-

342 3396 395 3459 vit
418 3415 526 3459 coram
549 3419 676 3462 summo
698 3393 873 3481 pontifice.⁸

626 3598 736 3604 -.--.—
747 3596 1096 3604 ——-———---

378 3717 384 3748 ¹
404 3714 517 3783 benigue]
537 3721 670 3786 beningne,
681 3724 736 3774 Me.
922 3718 1070 3786 ὃΜ’θΰίἅθῗ]
1090 3723 1202 3787 P1'0Vid0»
1212 3723 1270 3776 MS·

376 3791 628 3866 ²iurrscrucrulnlidru]
671 3801 843 3853 innumerabi·
922 3799 1215 3868 ⁷A1teredn0m1Ep.
1228 3805 1331 3857 Tinuv.
1343 3811 1367 3856 8.

342 3871 398 3929 bus,
409 3870 466 3919 MS.
922 3878 933 3909 ³
950 3881 1077 3946 opiscopus
1088 3882 1261 3949 Norrciccucie,
1281 3886 1319 3935 uir
1337 3885 1391 3953 qui·

377 3947 388 3978 ³
406 3955 471 3996 latur
481 3949 591 4021 latitare]
611 3957 650 4009 At
667 3959 728 4020 first,
747 3961 845 4012 ladem
888 3956 941 4007 dem
958 3994 1064 4012 .....
1081 3977 1169 4012 summo
1186 3961 1315 4028 pontifice]
1335 3963 1392 4014 The

344 4033 418 4087 turca,
428 4027 473 4076 but
483 4032 587 4083 naseu
597 4034 636 4085 for
646 4040 832 4104 transposition.
889 4037 970 4086 whole
981 4038 1012 4088 or
1025 4039 1084 4100 this,
1095 4041 1179 4108 filling
1190 4042 1249 4093 huf
1254 4043 1390 4102 aeolumn,

378 4103 387 4134 ⁴
405 4105 567 4176 tumulantur]
599 4113 637 4165 At
664 4118 719 4168 first
743 4121 844 4171 written
889 4115 912 4164 is
922 4117 1021 4167 written
1033 4133 1093 4168 over
1108 4135 1141 4170 en
1160 4136 1261 4172 erasure
1279 4135 1307 4170 so
1321 4135 1391 4171 care·

344 4182 496 4248 inficientur.
889 4195 954 4261 fully
965 4198 1045 4257 made,
1063 4198 1118 4250 that
1135 4202 1247 4266 scarcely
1262 4201 1304 4253 tho
1323 4209 1391 4252 mcc

378 4260 726 4337 ιορροιὶιιιοι]οιιιπιιιιιοι,
738 4279 793 4330 MS,
889 4273 1025 4327 olalcttcr
1034 4277 1057 4327 i
1068 4293 1126 4328 now
1136 4279 1235 4332 visible
