3060 5468
285 729 334 776 nn
355 724 518 775 rannone
538 723 641 773 naurs
662 723 818 784 nsumm,
841 723 908 772 vm
931 723 1054 772 rnnrn.
1151 707 1191 775 27

143 902 293 969 flexibile.
333 898 478 986 capilii}
493 898 563 984 ejus
578 903 613 964 et
627 898 863 964 vestimentum
877 898 1074 964 inviolatum
1088 897 1194 964 colore
1205 906 1274 961 Μ).
1289 913 1360 964 latr.

143 1012 177 1070 et
194 1003 392 1070 substantia
438 1001 492 1078 st,
516 1023 590 1065 cum
614 1001 737 1066 vellent
761 1001 914 1066 monachi
930 1001 1195 1067 Pontiniacenses

142 1108 286 1194 aliquam
309 1111 440 1192 partem
463 1105 546 1169 sacri
568 1104 711 1189 corporis
733 1104 804 1191 regi
828 1105 906 1168 dare
932 1104 1192 1184 transfretaturo,

136 1209 310 1297 rospondit
331 1229 400 1286 rex,
425 1212 444 1241 “
458 1207 535 1270 Non
549 1206 677 1292 placeat
700 1206 843 1286 Christo,
861 1213 899 1271 ut
914 1207 1004 1292 quod
1027 1207 1193 1293 integrum

142 1318 237 1378 tanto
273 1315 422 1396 tempore
456 1309 640 1374 reservavit
677 1309 777 1386 Deus,
806 1329 865 1395 per
898 1329 951 1373 me
991 1315 1193 1396 peccatorem

141 1415 251 1500 aliquo
289 1412 387 1477 modo
417 1409 612 1475 mutiletur.²
673 1411 755 1491 Quae
786 1415 897 1475 autem
929 1412 1017 1476 circa
1054 1413 1192 1478 eandem

142 1515 396 1583 translationem
425 1513 515 1579 facta
552 1518 639 1592 sunt,
684 1514 763 1600 qnia
792 1512 965 1600 specialem
1012 1520 1191 1581 tractatum

142 1619 290 1706 exigimt,
322 1617 358 1682 in
381 1615 475 1681 libris
497 1613 701 1681 multorum³
725 1615 854 1702 plenius
876 1620 1087 1684 annotantur.

229 1852 280 1917 De
303 1857 448 1917 wocara
469 1855 619 1927 morwtce,
643 1856 673 1913 et
695 1849 847 1935 ejusdem
876 1853 1101 1920 renovatione.

184 2011 313 2076 Eodem
358 2014 506 2095 tmpore
552 2012 684 2072 moneta
721 2007 915 2095 Anglicana,
962 2017 1096 2098 propter
1140 2013 1192 2079 sui
1204 2012 1355 2080 Designror

141 2114 315 2181 materiam
338 2110 598 2189 desiderabilem,
622 2110 812 2176 detestabili
834 2113 1076 2183 circumcisione
1105 2115 1192 2183 into-
1206 2096 1362 2214 33:304,

141 2216 325 2284 lerabiliter
347 2215 449 2301 coepit
472 2212 665 2280 deteriorari
677 2237 686 2293 ;
708 2213 797 2280 unde
820 2217 923 2304 coepit
952 2217 1105 2285 dominns
1134 2217 1362 2293 rexsryventth·

142 2318 181 2383 de
215 2318 360 2384 remedio
393 2316 545 2404 cogitare.
591 2313 737 2381 Inventa
770 2321 821 2382 est
852 2318 954 2407 igitur
988 2321 1068 2387 novi
1099 2282 1366 2402 euneiilllllffff

142 2419 321 2508 impressio,
346 2413 469 2486 scilicet
492 2417 579 2498 talis,
604 2422 651 2496 ut,
667 2425 824 2484 manente
840 2423 978 2488 materia
992 2429 1026 2490 et
1041 2425 1191 2513 pondere,

142 2523 243 2588 crucis
267 2521 401 2587 brachia
416 2519 560 2607 duplicia
575 2518 859 2586 extenderentur.⁴
903 2523 945 2588 In
960 2525 1051 2611 cujus
1067 2525 1193 2593 denarii

176 2716 183 2747 ¹
204 2713 312 2782 Capilli]
328 2714 428 2778 Capll’i,
442 2712 500 2764 MS.
689 2714 863 2765 mandationis
881 2717 935 2780 ejus
952 2717 1064 2784 insignia
1081 2721 1193 2771 recolen-

174 2795 185 2828 ²
201 2795 249 2858 Et,
261 2811 317 2845 cunt
330 2793 414 2844 vellent
433 2830 440 2844 .
458 2831 465 2844 .
482 2830 489 2843 .
507 2790 643 2857 matiktar]
689 2799 735 2853 tes,
746 2801 797 2844 tuae
809 2795 928 2847 conciliet
939 2798 1072 2860 miu'estatl,
1084 2814 1136 2863 per.

143 2877 236 2926 Added
247 2875 275 2924 in
286 2889 368 2938 marg.
723 2871 787 2924 Post
802 2890 860 2924 eom.
879 2875 984 2938 Divina,
994 2877 1104 2929 Domine
1112 2879 1191 2941 Deus,

174 2955 185 2988 ³
202 2953 311 3005 inlibris
322 2952 461 3018 mnarum]
482 2952 523 3005 On
541 2968 573 3002 an
590 2967 644 3002 era·
690 2968 746 3015 qua
757 2953 791 3003 ob
801 2955 991 3007 translationem
1007 2957 1074 3008 beati
1090 2958 1190 3023 pontifi·

145 3052 208 3094 sure,
219 3036 272 3084 and
284 3033 423 3100 originally
434 3032 535 3082 written
547 3033 573 3080 ia
585 3030 646 3079 libro
690 3031 728 3080 cis
744 3032 782 3080 tui
799 3032 929 3083 Edmundi
945 3036 1107 3100 supplicando
1123 3037 1189 3089 liba-

143 3113 376 3172 Addr'tameatornm,
391 3127 418 3161 as
438 3111 465 3160 in
484 3112 513 3160 B.
527 3111 555 3161 C.
590 3110 646 3159 The
690 3110 781 3169 vimus,
794 3119 818 3160 et
835 3112 901 3161 vivis
918 3116 1016 3177 prosint
1034 3117 1065 3164 ad
1082 3118 1190 3179 veniam,

143 3193 219 3243 detail
231 3193 254 3241 is
265 3192 366 3255 printed
377 3191 404 3238 in
416 3190 543 3248 ed.Wats,
555 3205 578 3252 p.
591 3194 645 3249 161,
690 3198 716 3240 et
734 3191 861 3240 defunctis
879 3193 997 3243 fidelibus
1015 3197 1048 3244 ad
1067 3197 1189 3258 levamen,

145 3275 207 3324 from
215 3269 645 3322 the“LiberAdditamentorum''
690 3284 736 3334 per
777 3271 918 3322 Dominum
955 3281 1067 3325 nostrum
1101 3275 1190 3327 Jesum

147 3353 216 3418 [Ms.
229 3351 297 3404 Cott.
309 3350 378 3400 Nero
389 3350 424 3400 D.
436 3349 458 3398 Ι.
469 3348 579 3414 fol.9l].
614 3348 645 3397 In
691 3348 843 3400 ctriaunff

144 3432 186 3482 the
196 3433 276 3481 lower
286 3430 384 3496 margin
397 3429 418 3478 is
429 3429 527 3477 written
540 3428 593 3477 also
605 3428 646 3477 the
724 3428 733 3458 ⁴
751 3429 781 3477 In
799 3429 840 3478 the
857 3430 955 3497 margin
973 3432 995 3480 is
1008 3448 1023 3482 a
1035 3434 1148 3501 drawing
1165 3437 1195 3486 of

143 3511 274 3574 following
293 3509 414 3570 addition,
431 3508 458 3556 in
474 3507 602 3557 reference
619 3515 646 3555 to
692 3508 734 3556 the
746 3509 849 3558 obverse
861 3510 889 3558 of
898 3510 941 3560 the
953 3527 1007 3560 new
1020 3513 1085 3576 coin,
1097 3518 1146 3565 and
1156 3518 1191 3582 by

145 3591 196 3639 this
208 3588 389 3638 Translation:
691 3588 734 3636 the
753 3587 807 3637 side
827 3588 849 3637 ls
866 3588 967 3640 written
987 3593 1014 3640 in
1033 3596 1078 3643 red
1099 3596 1191 3657 lettere,

283 3720 288 3730 ,
577 3719 582 3728 ,
691 3666 830 3731 “illidere
842 3667 939 3717 denarii
949 3674 1192 3735 parapristr'numre-

146 3727 161 3750 “
174 3721 361 3785 Composrtuqae
371 3726 430 3767 auat
444 3717 495 3767 ltrrc
507 3717 542 3767 od
550 3734 646 3767 mnsam

210 3798 315 3849 diceudo
327 3800 352 3846 ia
365 3797 431 3847 beuti
448 3796 575 3846 Edmuadi
591 3814 646 3844 cow-

202 3879 311 3943 sessoria
323 3875 488 3927 bamhtioae.

691 3747 750 3795 tinet
762 3748 963 3810 impressionem.’'
997 3750 1028 3799 In
1041 3752 1070 3802 B.
1081 3753 1124 3803 the
1134 3757 1191 3804 coin

690 3825 713 3872 is
735 3827 825 3890 rudely
845 3828 939 3889 drawn,
958 3829 1064 3881 without
1087 3832 1191 3900 inscrip-

691 3904 754 3964 tion,
767 3907 817 3954 and
834 3922 861 3955 ao
878 3906 931 3956 also
949 3907 975 3956 in
994 3909 1037 3960 the
1058 3911 1191 3965 Chroniclc

177 3984 280 4047 Augeat
296 3982 324 4030 in
338 3980 421 4041 nobis,
433 3996 576 4044 quaesumus
593 3981 645 4029 Do
691 3985 721 4033 of
725 3984 743 4034 J
746 3985 795 4033 ohn
803 3985 831 4033 oi
837 3985 953 4047 Oxnede,
962 4003 986 4052 p.
997 3994 1053 4052 160,
1060 3994 1109 4041 and
1116 3994 1141 4042 in
1149 3995 1192 4044 the

146 4062 220 4122 mine,
244 4060 311 4110 beati
334 4059 482 4109 confessoris
506 4060 543 4109 tui
571 4066 646 4123 atque
692 4063 816 4113 Chetham
827 4064 883 4114 MS.
892 4066 922 4114 of
927 4066 969 4115 the
981 4072 996 4095 “
1005 4069 1094 4121 Flores
1105 4074 1192 4123 Histo-

146 4140 271 4205 pontificis
290 4139 418 4188 Edmundi
439 4139 569 4188 translatio
592 4140 646 4203 glo·
691 4142 807 4192 riarum.''
835 4143 1084 4201 Inditisomitteu
1118 4153 1149 4201 ln
1161 4155 1191 4203 E.

147 4221 210 4270 riosa
222 4225 316 4269 sancta
330 4218 471 4268 devotionis
482 4218 608 4279 affectum,
618 4226 647 4267 ut
691 4222 734 4271 the
744 4221 802 4270 coin
815 4222 837 4271 is
847 4223 922 4287 again
930 4226 1019 4288 copied
1028 4229 1061 4292 by
1070 4229 1192 4281 Matthew

148 4301 211 4362 quod
222 4300 313 4348 devote
324 4296 440 4361 petimus,
454 4298 484 4345 de
497 4304 540 4346 tua
555 4297 646 4361 pietate
690 4299 820 4360 Paris,but
828 4302 869 4350 the
879 4302 1028 4368 inscription
1034 4305 1053 4356 is
1059 4310 1190 4377 carelessly

148 4380 233 4428 confisi
245 4378 352 4428 celerius
363 4377 535 4440 impetramus,
546 4389 598 4439 per.
691 4380 767 4444 given
779 4378 845 4437 thus,
857 4395 903 4430 noi
923 4396 972 4431 oon
985 4399 1038 4434 nort
1047 4401 1107 4436 our.
1136 4388 1193 4440 Itis

182 4456 236 4511 See'.
266 4460 366 4519 Oblata,
395 4458 515 4518 Domine,
543 4464 646 4507 sanctus
692 4459 856 4519 remarkable,
866 4461 920 4511 that
930 4463 956 4510 in
969 4464 1011 4513 the
1024 4465 1159 4518 Chroniclc
1167 4472 1198 4519 os

149 4541 260 4602 pontifex
278 4546 336 4588 tuus
356 4538 505 4586 Edmundns
524 4536 579 4585 baec
596 4545 646 4586 tuae
692 4539 762 4588 John
782 4540 812 4587 of
828 4540 1007 4606 wallingford,
1028 4545 1125 4606 (which
1143 4564 1193 4598 was

148 4620 230 4682 pietati
265 4618 423 4669 commendat
458 4615 587 4677 libamina,
621 4624 647 4667 et
692 4618 814 4683 abridged
830 4620 894 4668 from
907 4621 950 4670 the
967 4623 1193 4687 largerChronicle
