3060 5468
298 713 346 763 nn
368 670 528 763 rmrross
550 710 652 763 nno1s
674 709 833 775 nrumcr,
857 708 922 761 uz.
947 707 1070 761 runnu.
1139 694 1202 759 111

152 887 363 955 intuentibus
398 886 552 954 omuibus
584 907 654 952 non
692 890 827 953 tantum
858 886 1122 967 admirationem,
1149 884 1287 952 sedan.
1300 903 1373 950 1251.

155 991 260 1056 etiam
294 994 464 1075 stuporem
499 987 686 1064 suscitavit,
717 1010 793 1053 cum
826 988 953 1055 tumbae
979 987 1110 1053 circiter
1131 1008 1206 1054 oon·

153 1091 292 1157 tenariae
315 1095 533 1156 censerentur.
580 1089 737 1155 Fratrum
752 1089 858 1176 igitur
872 1089 1089 1177 superstitum
1104 1088 1337 1174 aliquiSupcfior

151 1192 222 1260 haec
256 1193 499 1280 perpendentes
531 1192 776 1279 ingemuerunt,
807 1196 841 1259 et
872 1192 916 1258 ab
946 1191 1016 1258 alto
1037 1169 1369 1290 trahentesffiffi

152 1295 295 1384 suspiria
317 1297 409 1361 intra
432 1317 474 1373 se,
497 1294 665 1372 dixerunt,
690 1293 747 1360 “O
771 1316 870 1380 quam
893 1294 1098 1361 venerabiles
1120 1294 1204 1361 exti·
1217 1301 1355 1382 moutarn

153 1402 224 1465 tere
246 1399 373 1484 priores
397 1419 435 1463 ac
457 1401 570 1483 patres
591 1397 699 1462 nostri
721 1397 926 1484 praeambuli,
950 1418 1091 1483 quorum
1114 1396 1208 1482 sequi
1217 1383 1374 1489 ffiffipffl

153 1500 299 1586 vestigia
331 1505 521 1565 teneremur
552 1503 587 1563 et
617 1503 698 1564 voto
732 1498 928 1586 obligamur,
966 1499 1046 1564 dum
1083 1499 1208 1566 talibus
1217 1501 1278 1555 then
1287 1503 1373 1568 living.

154 1608 341 1681 uterentur,
381 1624 456 1688 qum
493 1601 618 1667 indicia
655 1605 736 1666 sunt
773 1601 972 1681 sanctitatis,
1004 1599 1207 1667 humilitatis

158 1711 195 1772 et
216 1704 393 1791 religionis.
441 1703 471 1769 O
503 1703 654 1789 qualiter,
677 1702 777 1783 Deus,
802 1702 995 1769 testimonia
1021 1709 1081 1769 tua
1102 1702 1207 1768 credi-

155 1807 237 1873 bilia
267 1806 357 1874 facta
389 1809 469 1871 sunt
498 1805 609 1887 nimis,
633 1827 671 1871 ac
696 1804 858 1870 bonitatis
881 1809 949 1870 tuae
972 1826 1009 1872 ac
1032 1804 1207 1871 fidelitatis

154 1912 354 1996 argumenta
384 1906 569 1985 manifesta,
603 1908 768 1995 praecipue
802 1907 838 1972 in
870 1906 1016 1973 ossium1
1047 1905 1207 1974 suorum'

155 2011 409 2077 humiliatorum
442 2011 576 2076 illorum
607 2010 748 2076 candore
787 2014 822 2076 et
850 2009 1055 2096 flagrantia!
1112 2009 1205 2077 Tunc

154 2113 312 2178 nimirum
335 2113 372 2176 in
405 2110 637 2200 spiritualibus
659 2115 695 2177 et
717 2110 956 2198 temporalibus
977 2111 1203 2200 religiosorum

155 2215 298 2282 ecclesias
329 2215 411 2280 felix
443 2219 657 2302 susceperunt
687 2214 939 2295 incrementum,
964 2236 1039 2302 quae
1061 2215 1098 2281 in
1122 2238 1205 2304 prae-

156 2319 349 2399 sentiarum,
375 2318 446 2384 Deo
470 2317 609 2396 vindice,
633 2318 882 2404 contempnitur
913 2322 949 2384 et
981 2316 1205 2406 impugnatur.

156 2421 362 2487 Erubescant
393 2421 544 2488 moderni
577 2420 742 2502 mollibus,
773 2419 955 2488 subtilibus
986 2425 1020 2488 et
1053 2421 1208 2509 pretiosis

157 2524 280 2601 vestiti,
312 2525 412 2589 immo
446 2523 559 2610 potius
593 2523 755 2606 adornati,
779 2544 854 2589 cum
884 2523 1055 2610 precipiat
1076 2529 1208 2591 sanctus

158 2625 356 2690 Benedictus
395 2626 484 2710 quod
521 2630 572 2691 est
617 2625 728 2706 vilius,
766 2648 835 2693 non
873 2626 1060 2712 pretiosius,
1097 2649 1210 2694 mona·

157 2728 226 2793 ohis
258 2727 471 2792 induendum.
517 2727 599 2792 Osi
626 2728 697 2793 haec
719 2733 853 2794 sanctus
874 2728 964 2793 idem
986 2728 1208 2795 Benedictus⁸

157 2830 287 2895 videret
309 2829 345 2892 in
368 2828 534 2915 praesenti,
556 2828 657 2893 immo
681 2833 768 2894 certe
791 2829 870 2915 quia
892 2830 994 2908 videt,
1019 2830 1078 2917 qui
1099 2833 1208 2897 adhuc

157 2931 194 2996 in
217 2953 349 3018 corpore
383 2931 574 2994 universum
606 2929 791 2993 mundum⁴
813 2930 875 2994 sub
905 2930 1004 2996 solari
1026 2931 1119 2998 radio
1141 2934 1207 2998 ool·

157 3032 281 3098 lectum
313 3029 611 3116 contemplabatur,
644 3030 787 3114 qualiter
817 3032 1063 3098 offenderetur?
1118 3035 1147 3098 0
1179 3035 1208 3098 si

157 3138 306 3200 cerneret
340 3133 411 3196 haec
442 3133 558 3196 beatus
582 3132 778 3211 Bernardus,
802 3133 946 3218 qualiter
967 3134 1209 3220 obgrunnirett

158 3235 305 3300 Dicebat
327 3255 469 3318 namque
504 3238 539 3298 et
561 3233 702 3319 scripsit,
727 3239 746 3271 “
761 3233 924 3300 Monaeho
955 3236 1081 3301 lautius
1103 3241 1209 3323 pasto,

158 3335 328 3405 decentius
350 3337 484 3413 vestito,
507 3334 676 3401 strictius⁶
691 3335 839 3417 calciato,
855 3336 939 3401 nihil
955 3336 1026 3405 Deo
1040 3338 1208 3404 abomina-

158 3441 266 3517 bilius,
291 3461 369 3504 nam
393 3439 557 3525 superbiae
581 3443 660 3504 sunt
682 3438 833 3505 indicia’'

162 3639 254 3708 Obiit
279 3640 462 3728 Golsrtdus
483 3641 717 3728 Dispensator.
754 3641 949 3711 Onrdelo'tas
970 3644 1018 3713 od
1040 3650 1208 3713 terrorerl

206 3775 277 3842 Etl
293 3777 408 3842 codem
424 3783 572 3863 tempore
587 3777 672 3842 obiit
687 3777 742 3843 vir
757 3778 878 3844 nobilis
893 3784 928 3845 et
951 3785 1111 3861 strenuus,
1127 3780 1204 3848 Gal·
1222 3783 1307 3835 neoth
1317 3784 1347 3836 of

161 3877 267 3942 fridus
284 3879 509 3964 Dispensator,
526 3881 561 3943 in
583 3879 711 3966 palatio
733 3881 820 3966 regis
843 3881 1031 3948 consiliator
1053 3851 1371 3984 specialisssfflffi,

162 3979 326 4044 Dominus
350 4002 435 4066 papa
458 3981 760 4047 excommunicavit
783 3982 837 4047 die
861 3982 974 4050 annae
996 3986 1210 4075 solempniter
1244 3998 1361 4064 army.

197 4199 203 4229 ¹
222 4200 323 4266 ossium]
343 4198 431 4261 osium,
444 4199 500 4250 MS.
743 4198 754 4231 ⁴
770 4199 894 4266 mundum]
917 4201 971 4254 The
993 4206 1085 4256 second
1105 4206 1212 4272 syllable

195 4278 332 4343 2suorum]
364 4279 462 4340 horum,
485 4277 525 4338 B.‚
547 4277 664 4341 omitting
710 4278 972 4345 interlinedbyalate
985 4283 1061 4334 band.

163 4357 265 4408 illormn.
742 4356 753 4388 ⁵
770 4359 893 4424 strictius]
912 4348 1074 4422 abluatis.

196 4437 206 4467 ³
226 4437 284 4485 idem
302 4436 462 4501 Benedictus]
482 4434 593 4485 Written
610 4434 664 4485 Be·
743 4435 753 4466 ⁰
770 4437 821 4503 Et]
842 4439 896 4490 The
907 4440 980 4492 letter
997 4449 1006 4490 t
1021 4441 1042 4492 is
1059 4457 1092 4491 on
1110 4457 1142 4491 an
1159 4457 1212 4492 era·

164 4514 270 4563 nedictus
294 4515 362 4575 idem,
385 4517 431 4565 but
452 4514 556 4565 marked
582 4521 609 4564 to
631 4516 662 4564 be
710 4531 775 4566 sure.

164 4596 319 4656 transposed.
