3060 5474
347 713 393 761 nn
415 713 575 762 rnnrroun
598 713 700 763 arms
723 714 871 763 nnnnrcr
894 713 1015 763 rnnrn.
1137 697 1202 768 337

152 885 333 940 excussione.
380 884 598 941 Monstrarerat
622 886 743 956 insuper
767 887 915 943 autentica
933 904 995 950 sua,
1016 891 1075 940 tam
1087 885 1204 957 papalia
1216 891 1283 944 Al).
1298 899 1371 945 1254·

152 986 241 1039 quam
259 969 381 1039 regalia,
402 976 432 1024 et
450 970 528 1039 quod
547 971 657 1025 invitus
677 970 729 1024 illa
747 971 877 1025 subierat
901 971 1080 1040 gravamina.
1119 970 1203 1025 Undc

151 1053 267 1107 novitas
298 1053 427 1109 excrevit
457 1054 596 1108 inaudita.
636 1054 859 1109 consueverunt
884 1054 1024 1109 hactenus
1048 1055 1204 1125 populares

152 1136 282 1205 praelatis
295 1136 423 1191 decimas
437 1137 590 1203 exhibere;
612 1155 698 1200 nunc,
712 1138 815 1192 ordine
827 1138 999 1207 retrogrado
1012 1143 1042 1192 et
1054 1155 1203 1208 perversa,

153 1224 299 1289 coguntur
328 1220 444 1290 praelati
465 1221 593 1276 decimas
624 1222 791 1292 persolvere
822 1222 905 1277 laicis
931 1229 960 1277 ct
984 1222 1080 1277 inviti.
1119 1221 1205 1276 Circa
1217 1233 1273 1284 The
1285 1233 1348 1298 king

153 1304 386 1359 Translationem
404 1322 475 1359 vcro
493 1305 674 1375 praedictam,
695 1305 809 1360 scilicet
828 1306 920 1361 sancti
941 1305 1104 1371 Benedicti,
1124 1308 1206 1361 venit
1217 1300 1353 1350 0meae

154 1386 289 1442 dominns
319 1406 371 1442 rex
400 1389 579 1443 Francorum
610 1387 646 1442 de
677 1389 768 1442 Terra
799 1388 914 1453 Sancta,
941 1390 1112 1444 vocantibus
1138 1407 1206 1444 eum
1217 1374 1316 1416 ”tum

153 1471 363 1542 urgentissime
390 1471 577 1541 magnatibus
605 1472 651 1525 sui
676 1472 770 1542 regni,
798 1477 832 1525 ut
859 1471 1032 1542 praedictum
1056 1479 1110 1527 est.
1149 1472 1206 1540 Qui
1218 1431 1344 1549 &ffb

154 1572 223 1608 cum
253 1572 393 1625 prospere
419 1554 611 1625 applicuisset
641 1553 671 1607 in
701 1554 835 1625 partibus
866 1555 1021 1619 Marsiliar,
1054 1574 1119 1626 qum
1150 1574 1207 1610 non

154 1639 282 1693 multum
300 1639 408 1693 distant
419 1656 437 1693 a
455 1638 739 1702 Monte-Pessulano,
760 1638 870 1692 ibidem
882 1638 1033 1708 paulisper
1052 1640 1206 1709 quiescens

154 1723 406 1787 commorabatur3
421 1722 482 1786 scd,
498 1723 559 1776 suis
573 1721 793 1776 stimulantibus
806 1722 987 1792 proceribus,
1002 1722 1039 1776 ad
1051 1722 1207 1777 Franciam

154 1807 256 1860 venire
283 1806 448 1861 festinebat.
496 1805 571 1873 Quia
600 1805 649 1859 vix
673 1805 777 1858 breves
795 1811 917 1874 treugas
942 1822 993 1858 rex
1015 1804 1206 1868 Alamanniae,

157 1889 326 1944 Willelmus
353 1890 522 1960 praedictus,
543 1889 665 1943 Francis
691 1889 835 1943 concessit
861 1905 913 1942 seu
936 1889 1040 1943 tenuit.
1078 1889 1208 1944 Veniens

156 1972 251 2041 igitur
275 1990 326 2026 rex
344 1978 523 2027 memoratus
544 1973 573 2026 in
598 1972 726 2042 propria,
746 1971 815 2025 ilico
834 1972 971 2027 mactavit
990 1972 1116 2042 qualiter
1134 1991 1206 2042 prm-

156 2055 261 2110 fatam¹
300 2056 523 2120 dissensionem,
562 2054 761 2109 advocationis
799 2072 859 2109 suto
896 2072 1024 2118 oausam,
1062 2056 1208 2111 mediante

153 2138 282 2208 justitia,
320 2139 496 2210 pacificaret.
548 2138 657 2206 Quinto
687 2138 754 2191 idus
791 2138 921 2208 Augusti
952 2138 1025 2192 obiit
1054 2139 1208 2209 episcopus
1251 2157 1346 2223 qgug·

158 2223 295 2292 Elyensis
323 2223 437 2293 Hugo,²
465 2222 640 2293 quandoque
671 2221 759 2275 abbas
792 2221 892 2276 Sancti
918 2221 1074 2287 Edmundi‚
1102 2223 1153 2293 qui
1180 2223 1347 2277 inDeathof

157 2312 282 2376 iitroque
301 2307 426 2361 ecclesia
444 2307 561 2361 circiter
579 2305 618 2359 xl.
639 2305 721 2360 annis
741 2304 803 2358 Deo
821 2304 1008 2360 laudabiliter
1020 2306 1207 2361 militaverat.
1223 2289 1310 2383 Husshg
1321 2293 1363 2354 1Ψ·

159 2389 252 2459 Cujus
270 2407 375 2462 corpus
395 2409 462 2445 cum
480 2407 588 2460 magua
607 2388 754 2460 sepultum
780 2394 825 2444 est
842 2391 1029 2445 veneratione
1048 2392 1080 2444 in
1097 2373 1237 2445 Eliensi⁰
1283 2357 1317 2422 1)·

159 2473 291 2538 ecclesia,
312 2475 344 2527 in
362 2473 536 2544 presbiterio
554 2473 745 2536 nobilissimo,
767 2473 844 2544 quod
863 2491 880 2527 a
898 2473 1095 2529 fundamentis
1114 2493 1212 2546 sump-

160 2557 239 2611 tibus
269 2559 397 2629 propriis
427 2557 583 2626 magnifico
609 2563 820 2611 construxerat.
868 2557 905 2611 In
933 2559 1017 2627 cujus
1046 2558 1129 2613 obitu
1157 2559 1211 2613 llos

160 2640 325 2711 Nigrorum
356 2641 429 2695 obiit
454 2639 675 2703 Monachorum,
696 2642 766 2710 quia
796 2640 874 2694 sicut
900 2641 989 2696 abbas
1017 2642 1153 2696 abbatum
1183 2643 1213 2695 in

162 2724 272 2792 Anglia
302 2726 449 2788 extiterat,
482 2724 525 2778 ita
550 2729 580 2777 et
607 2725 761 2794 episcopus
788 2723 991 2793 episcoporum
1017 2724 1211 2779 choruscavit.

162 2808 199 2861 In
234 2807 339 2878 vigilia
373 2807 604 2878 Assumptionis,
643 2807 722 2861 circa
758 2805 860 2860 horam
889 2807 1025 2876 primam,
1058 2807 1214 2861 comitante
1246 2825 1277 2868 24
1291 2820 1357 2883 Aug,

163 2892 366 2946 inundatione
390 2892 523 2963 pluviali,
557 2892 686 2945 insonuit
717 2891 793 2943 ictus
824 2890 947 2943 tonitrui
987 2907 1054 2944 cum
1081 2890 1209 2960 fulgure,
1226 2885 1370 2935 StPeler'ss

164 2977 243 3045 qnod
272 2976 379 3030 cadens
417 2993 506 3047 super
536 2975 643 3028 turrim
681 2973 812 3028 ecclesiae
845 2972 944 3028 Sancti
972 2974 1053 3027 Petri
1082 2974 1114 3027 in
1142 2951 1362 3066 villaglffiffl,

166 3059 266 3112 Sancti
303 3060 421 3122 Albani,
454 3066 483 3114 et
521 3076 585 3112 eam
621 3064 777 3128 penctrans
808 3075 875 3110 cum
911 3056 1048 3110 horribili
1085 3057 1212 3127 fragore,
1226 3030 1376 3146 struekby⁸

164 3143 317 3197 materiem
337 3161 478 3213 quernam
509 3142 593 3212 quasi
619 3140 766 3211 plectam³
794 3140 945 3203 contorsit,
966 3147 996 3194 et
1014 3141 1099 3211 quasi
1117 3141 1148 3194 in
1167 3141 1362 3214 filulightning.

165 3226 278 3280 minuta
307 3227 478 3297 dissipando
507 3224 655 3279 contrivit.
694 3224 826 3293 Eligitur
851 3224 995 3293 magister
1021 3225 1147 3278 Thomas
1179 3224 1340 3289 deffectio„
1356 3240 1387 3288 of

166 3309 375 3365 Veteri-Ponte
394 3312 424 3364 in
455 3311 622 3381 episcopum
651 3307 883 3370 Karlcolcnsem,
911 3308 980 3362 licet
1005 3307 1140 3362 dominus
1166 3326 1217 3362 rex
1227 3308 1271 3358 the
1282 3306 1372 3368 bishop

166 3411 219 3463 pro
243 3394 309 3456 alio,
339 3395 453 3449 scilicet
483 3393 581 3463 priore
603 3392 639 3446 de
663 3391 836 3460 Neuburgo,
866 3392 1077 3461 urgentissime
1106 3393 1216 3462 suppli·
1228 3372 1377 3423 domim·

166 3485 269 3532 nasset.
307 3477 460 3533 Venerunt
473 3478 503 3530 in
522 3482 624 3530 aistate
639 3475 758 3546 quidam
776 3476 889 3530 nobiles
908 3475 944 3528 de
962 3476 1087 3546 imperio
1101 3476 1216 3530 Graeco·
1230 3486 1332 3536 certain

167 3579 243 3624 rum,
265 3562 391 3616 examito
408 3561 520 3623 vestiti,
541 3578 608 3615 cnm
627 3561 721 3630 cquis,
743 3560 921 3623 summariis
936 3566 966 3613 et
978 3560 1090 3613 familia
1102 3561 1219 3630 copiosa
1230 3554 1312 3603 Greek
1324 3567 1368 3600 ¹¹⁰·

166 3645 204 3698 ad
240 3646 352 3699 curiam
389 3646 562 3699 Romanurn.
601 3643 658 3711 Qui
689 3643 839 3697 dominum
864 3659 969 3712 papam
1000 3643 1216 3713 aggredientes,
1229 3620 1381 3734 fflffiagffle
1405 3677 1409 3684 ·

167 3730 266 3782 verbis
300 3729 470 3799 asperrimis
490 3728 693 3798 imposuerunt
711 3727 748 3788 ei,
769 3726 846 3795 quod
868 3726 1026 3780 enormiter
1052 3728 1162 3781 erravit
1190 3729 1217 3781 in
1231 3701 1347 3802 ofefiflsge

170 3811 235 3872 fide,
250 3818 279 3864 ot
296 3829 349 3880 por
367 3829 433 3865 cum
453 3828 552 3864 omncs
566 3810 674 3873 Latini,
696 3810 746 3880 qui
765 3809 866 3862 dicunt
886 3808 1048 3879 Spiritum⁴
1062 3810 1219 3881 procedere
1231 3818 1351 3869 doctrine.

170 3912 187 3946 a
206 3894 293 3947 Patre
324 3902 353 3948 et
383 3895 469 3948 Filio.
526 3892 582 3961 Qui
601 3899 714 3948 tantum
741 3911 758 3946 a
785 3892 872 3946 Patre
891 3892 1048 3962 procedere
1068 3897 1218 3958 asseritur,

247 4069 701 4078 --—-—-—-.-—-...-——.-—

206 4191 211 4220 ¹
227 4192 377 4257 presulum]
396 4190 499 4254 prefata,
511 4190 566 4239 MS.
720 4188 782 4237 Edd.
802 4189 831 4237 ol
856 4189 898 4237 the
918 4189 992 4238 latter
1013 4193 1071 4239 read
1094 4194 1220 4241 marinum

204 4269 262 4318 ‘·‘ln
296 4271 338 4320 the
361 4271 459 4334 margin
484 4285 526 4319 are
549 4271 637 4319 drawn
659 4284 675 4318 a
696 4260 699 4332 i
719 4284 831 4330 quercum
849 4269 922 4330 quari
932 4267 1032 4332 plicam,
1045 4270 1131 4320 which
1143 4287 1222 4321 seems

170 4349 245 4397 mitre
257 4352 306 4399 and
319 4349 419 4407 crosier,
431 4349 555 4398 reversed.
720 4353 746 4395 to
758 4349 789 4396 be
801 4363 833 4396 an
852 4347 976 4412 arbitrary
989 4349 1120 4398 alteration
1134 4351 1163 4397 of
1180 4350 1222 4398 the

109 4451 112 4455 ’
203 4425 672 4492 ³irraleriemqraernamquariplertnm]
721 4426 808 4476 editor.

173 4508 207 4554 So
228 4509 281 4556 also
302 4508 328 4555 in
347 4509 391 4557 tlrc
411 4507 516 4557 Greater
533 4505 677 4563 Chronicle‚
754 4505 764 4535 ⁴
784 4505 916 4569 Spiritum]
932 4505 1224 4565 Filium,MS..butcor·

172 4600 194 4648 p.
209 4592 265 4647 892,
284 4589 334 4636 und
347 4587 371 4635 in
384 4587 471 4636 Florus
483 4585 560 4643 Hira,
578 4586 623 4634 tut
634 4584 677 4634 the
698 4540 701 4647 i
722 4586 806 4634 reeted
818 4585 883 4633 from
899 4582 985 4633 Florus
997 4584 1065 4636 Hiar.

260 4685 333 4731 von.
360 4684 409 4733 111.
1069 4679 1094 4728 r
1191 4659 1193 4664 ’
