3060 5474
300 695 365 756 118
425 703 592 756 uarum
615 701 829 753 stammam
850 698 1016 751 HISTORIA
1036 698 1235 750 ANGIAORUM.

133 887 202 940 al).
216 892 289 939 ¹2⁵².
304 880 346 945 In
382 879 530 945 crastino
563 881 685 952 autem,
724 875 848 941 scilieet
886 873 940 938 die
962 874 1069 938 sancti
1101 873 1273 960 Stephani,
1286 856 1360 938 'rex

134 955 266 1100 &232¹
305 982 438 1060 Soociae,
462 985 563 1048 aetate
785 976 806 1056 ,¹
829 976 934 1043 filiam
957 975 1084 1043 domini
1106 975 1193 1063 regis
1215 975 1358 1063 Angliae,

134 1070 268 1152 anuuoes'
301 1089 401 1153 aetate
591 1081 613 1161 ‚¹
636 1080 850 1167 solempniter
871 1078 971 1144 nimis
995 1077 1215 1166 desponsavit.
1261 1077 1357 1144 Fecit

135 1167 251 1234 homage
300 1189 405 1276 igitur
448 1209 508 1252 rex
545 1184 666 1252 Soociae
701 1182 836 1248 domino
873 1182 944 1270 regi
981 1179 1114 1268 Angliae
1156 1179 1355 1269 homagium.

136 1246 286 1366 &iffi
303 1290 486 1358 Commissa
518 1293 569 1354 est
602 1287 707 1374 igitur
738 1284 851 1373 regina
883 1282 1009 1351 Scocise
1042 1283 1160 1350 tutelae
1194 1281 1359 1363 Roberti,'

134 1379 216 1496 {w
242 1445 274 1496 of
303 1399 338 1459 et
371 1415 510 1481 regnum
543 1389 666 1457 Scooise
701 1411 775 1454 oum
808 1409 894 1476 rege,
916 1387 958 1454 de
992 1386 1128 1453 oonsilio
1162 1391 1356 1475 magnatum

135 1461 267 1564 notabile
301 1497 473 1584 utriusque
495 1493 600 1582 regni,
622 1493 701 1581 quia
722 1491 863 1578 integrae
885 1488 982 1557 famae
1004 1492 1040 1555 et
1061 1488 1356 1576 irreprehensibilis

136 1577 242 1645 Noreys.
301 1598 494 1664 habebatur.
540 1595 742 1681 Dictumque
772 1593 823 1658 illi
857 1595 890 1658 et
920 1596 1131 1680 praeseptum,
1155 1611 1198 1656 ne
1220 1591 1358 1677 permit-

303 1705 389 1766 teret
403 1721 514 1787 regem
536 1704 571 1763 et
592 1695 740 1785 reginam
757 1693 879 1762 Soocise
910 1693 1124 1775 condormire,
1148 1696 1283 1781 propter
1302 1715 1357 1760 eo·
1443 1739 1446 1743 .

302 1825 378 1868 rum
400 1800 512 1870 aetatis
533 1797 800 1872 teneritudinem.

543 2043 634 2116 oua
655 2042 842 2111 rotoma
864 2040 906 2111 a
926 2038 1117 2130 amsans

137 2202 265 2254 namot
350 2192 477 2258 Diebus
512 2192 573 2258 sub
608 2191 732 2258 eisdem
763 2190 848 2257 obiit
877 2189 1013 2277 quidam
1047 2189 1142 2255 miles
1172 2188 1361 2255 strenuissi-

137 2269 293 2388 ffifflffi
305 2317 387 2373 mus,
411 2294 495 2359 nso.
522 2294 684 2360 kalendas
717 2291 1105 2371 repraesentamus
1136 2291 1177 2357 aa
1209 2290 1360 2360 sanare

167 2408 199 2453 ao
210 2403 271 2456 σω.
306 2396 373 2478 Qui
389 2397 542 2482 quamvis
558 2417 626 2461 non
640 2395 759 2463 frusset
775 2395 914 2476 divitiis,
936 2395 1027 2463 ama
1047 2399 1161 2463 tamen
1183 2393 1362 2483 probitatis

304 2498 414 2566 fuerat
435 2497 624 2586 insignitus

520 2755 749 2842 datorquetur
771 2777 794 2820 o
815 2754 953 2822 Jadoea
968 2755 1131 2843 paeonio

138 2936 195 2986 The
206 2934 270 3002 king
353 2919 434 2997 Rex,
468 2921 507 2983 ut
529 2940 565 2983 se
587 2917 752 2983 instauret
781 2917 911 2983 divitiis
942 2918 1219 3004 peregrinaturus,
1246 2940 1267 2983 a
1297 2921 1360 2985 mi-

138 3010 234 3134 331ss
307 3021 387 3087 seris
414 3020 552 3099 Judaeia
587 3020 742 3107 quioquid
776 3019 895 3085 habere
928 3020 1137 3099 videbantur,
1171 3022 1360 3089 abradendo

138 3135 260 3255 {who
309 3124 464 3202 extorsit,
485 3128 521 3191 at
541 3123 578 3189 in
600 3123 710 3189 aureis
731 3122 883 3209 plurimis
904 3123 1057 3190 aerarium
1079 3124 1292 3192 instauravit

568 3371 739 3439 Oreoatur
760 3369 865 3438 multi
887 3369 1087 3439 sordebaobs.

140 3541 301 3595 masenot
354 3531 468 3598 Verno
500 3552 631 3618 quoque
668 3538 817 3621 tempora
853 3533 1074 3617 imminente,⁴
1109 3540 1150 3601 ut
1182 3535 1361 3602 serenitate

139 3609 275 3664 aarum
312 3634 394 3700 anni
424 3635 603 3722 respiraret
633 3634 707 3723 ipsa
738 3634 881 3714 eeclesia,
909 3640 1037 3724 septem
1059 3635 1212 3704 Perusii⁵
1233 3638 1360 3705 meavit

312 3736 450 3825 [papa]⁶
472 3737 655 3805 cardinales
675 3738 919 3827 provisionibus
939 3739 1117 3807 inhiantes

343 3996 351 4028 ¹
369 3996 469 4047 Blanks
479 4011 522 4048 are
532 3997 578 4048 lest
592 3997 652 4049 here
663 3998 689 4047 iu
700 3998 742 4050 the
754 3997 811 4049 MS.
856 3997 1010 4049 “Robertus
1030 3998 1161 4062 Norensis,
1177 3999 1273 4050 domini
1290 3998 1361 4066 regis

310 4075 460 4127 Alexander
470 4091 522 4128 was
533 4093 592 4128 now
602 4077 662 4129 niue
676 4094 749 4143 years
761 4078 813 4148 old,
856 4077 999 4143 hospicialis
1010 4079 1199 4130 marescallus.'¹

309 4156 394 4219 (Anu.
414 4156 528 4217 Baton..
539 4172 564 4221 p.
576 4162 634 4220 296,
645 4159 685 4209 ed.
704 4157 811 4223 Luard)
889 4157 900 4189 ³
919 4157 1057 4224 Sortsorde]
1077 4159 1215 4221 Samforde,
1226 4158 1285 4212 MS.

309 4236 359 4285 and
380 4234 509 4302 Margaret
531 4250 583 4287 was
602 4236 692 4304 nearly
716 4237 811 4300 elever,
889 4235 1064 4305 ⁴¹inraa‘aanta]
1082 4237 1209 4301 iminente,
1220 4239 1277 4291 MS.

310 4313 404 4379 having
414 4316 479 4365 bean
489 4316 554 4366 born
566 4321 580 4366 5
594 4316 650 4368 Oet.
664 4320 736 4366 12⁴0.
889 4317 901 4351 ⁵
917 4316 1032 4384 Penuria]
1051 4317 1149 4380 Parisii,
1160 4318 1217 4370 MS.

343 4393 489 4461 *Rosam
517 4395 558 4447 He
580 4395 603 4447 is
626 4396 708 4462 styled
729 4395 757 4445 in
779 4395 810 4446 B.
831 4427 836 4467 Ι
890 4397 1000 4465 ⁶popu]
1019 4397 1138 4464 Supplied
1149 4398 1216 4448 from
1226 4398 1258 4448 B.
