3060 5468
311 703 375 769 306
399 714 563 765 MA'ITHAE'I
585 714 795 764 PARISOENSIS
813 713 1045 763 assumaris
1068 710 1346 769 CHRONICORUM,

145 889 213 942 AD.
228 894 300 941 1249.
312 891 441 960 eligendi
468 892 594 955 licentia,
623 891 720 946 subito
745 896 775 944 et
799 890 958 961 prudenter
985 890 1148 959 elegerunt.
1187 887 1249 940 Rex
1281 883 1361 938 enim

313 976 410 1045 ipsum
429 976 486 1030 sibi
504 975 643 1030 dilectum
656 982 686 1030 et
698 976 855 1046 specialem
866 975 902 1029 ab
915 975 1034 1044 antiquo
1047 974 1220 1034 Walterum,
1238 970 1362 1023 minime

138 1060 250 1125 =Mauors
314 1055 471 1129 reprobum
497 1061 604 1114 habere
629 1067 744 1130 poterat
768 1060 816 1114 vel
844 1060 1055 1130 displicentem.
1102 1056 1263 1126 Assignata
1292 1058 1364 1110 sunt

147 1127 262 1242 luffeld
314 1143 408 1213 igitur
426 1144 560 1216 episcopo
578 1145 719 1199 Nioholao
737 1145 795 1198 tria
813 1145 849 1198 de
868 1144 1036 1214 episcopatu
1054 1140 1246 1195 Dunelmensi
1263 1154 1363 1192 mane·
1393 1138 1499 1188 sotera

147 1200 174 1309 {9
186 1210 226 1308 he
248 1199 287 1243 m
314 1228 368 1290 ria,
400 1228 437 1282 ad
467 1229 531 1298 ejus
561 1229 760 1283 honorabilem
790 1229 860 1282 vitre
899 1228 1149 1288 sustentationem,
1189 1222 1360 1284 Hovedene,

166 1276 186 1309 Β
205 1275 245 1324 ⁰9⁰
317 1310 454 1367 Scottona
471 1319 501 1367 et
518 1313 679 1368 Esendona.
718 1314 892 1367 Consecrato
911 1318 1008 1366 autem
1027 1318 1057 1366 et
1073 1311 1208 1364 instituto
1225 1308 1363 1378 episcopo

314 1395 445 1451 Waltero
463 1397 592 1467 plenario
611 1397 642 1451 in
660 1398 828 1468 episcopatu
848 1396 1049 1458 Dunelmensi‚
1070 1393 1197 1449 cessavit
1215 1390 1364 1463 regalium

150 1481 271 1558 Unpopu·
316 1480 459 1535 tirannica
476 1481 644 1536 dominatio.
682 1481 748 1535 Illis
768 1499 883 1552 quoque
901 1481 1081 1551 temporibus
1106 1476 1279 1549 improbitas
1303 1474 1363 1528 leo·

148 1548 384 1619 lar¹ll⁰f²henina
410 1566 573 1622 Fretherici
604 1567 705 1621 multis
736 1585 804 1620 eum
834 1565 979 1636 privavit¹
1008 1565 1109 1618 amicis
1141 1571 1170 1618 et
1200 1559 1362 1615 benevolis.

149 1629 269 1680 emperor·
316 1641 446 1704 Desae'vit
463 1652 541 1705 enim
567 1652 598 1705 in
618 1691 624 1705 .
647 1691 654 1706 .
676 1691 682 1705 .
703 1668 756 1705 nec
774 1651 864 1705 etiam
891 1650 1030 1703 fratribus
1048 1646 1295 1703 Praedicatoribus
1314 1641 1500 1700 vellbid.iii.4

149 1729 276 1781 Mareelli-
316 1733 489 1788 Minoribus.
527 1735 609 1788 Inter
627 1753 699 1805 quos
718 1734 856 1803 suspendi
875 1731 990 1804 [jussit]
1009 1733 1224 1794 Marcellinum,
1244 1726 1364 1783 Arathi-

148 1798 581 1889 ”ffl2b12·⁰snumepisoopum,
608 1820 703 1874 titulis
730 1820 885 1874 martirum
916 1817 1129 1873 ascribendum.
1165 1815 1205 1868 Et
1232 1814 1301 1884 quia
1326 1810 1366 1866 ad

148 1863 258 1930 Arezzo,

148 1930 225 1999 hung·
316 1901 480 1971 patibulum
506 1904 611 1958 fratres
638 1904 767 1958 Minores
793 1903 954 1967 venientes,
983 1908 1018 1955 ut
1043 1901 1179 1954 tollerent
1197 1915 1314 1968 corpus,
1336 1901 1366 1950 et

315 1993 455 2057 tanquam
473 1996 606 2042 sanctum
624 1989 656 2041 in
673 1988 799 2043 ccclesia
818 2006 873 2042 sua
891 1992 1061 2040 reverenter
1090 1985 1257 2054 sepelirent,
1278 1981 1365 2052 puni·

316 2071 360 2124 vit
390 2071 515 2126 eosdem.
564 2073 603 2125 Et
627 2072 682 2125 hoc
709 2077 774 2126 ante
805 2070 1010 2125 exterminium
1036 2069 1176 2124 Victoria]
1202 2067 1291 2121 tertia
1315 2065 1365 2119 die

147 2153 262 2229 Robbers
277 2164 303 2204 at
317 2155 423 2218 evenit,
443 2175 500 2208 non
519 2156 580 2209 sine
600 2156 740 2210 miraculo
758 2157 923 2209 manifesto.
960 2154 1079 2208 Eisdem
1105 2152 1287 2222 temporibus
1305 2150 1365 2204 vis·

146 2219 440 2306 winchesterpffiones
467 2246 497 2292 et
523 2240 649 2293 latrones
676 2240 747 2293 adeo
775 2241 806 2292 in
833 2240 951 2293 civitate
979 2238 1136 2292 Wintoniae
1167 2242 1197 2290 et
1223 2236 1256 2288 in
1282 2234 1364 2288 villis

148 2287 277 2347 ΨΜ
316 2320 449 2375 finitimis
468 2322 672 2377 abundabant⁹
685 2323 920 2387 intolerabiliter,
935 2323 1014 2393 quod
1026 2322 1155 2392 oportuit
1172 2337 1275 2389 regem
1292 2319 1365 2372 illuc

316 2405 425 2468 venire,
454 2412 487 2460 ut
513 2407 667 2460 mundaret
691 2413 752 2460 tam
777 2407 926 2462 civitatem
952 2407 988 2461 de
1013 2423 1157 2461 consensu
1181 2412 1211 2458 ct
1235 2407 1366 2474 recepta·

316 2487 404 2550 tione,
426 2506 514 2557 quam
532 2491 611 2560 ipsos
639 2489 790 2560 praedones
809 2490 844 2545 de
863 2491 1085 2544 malefactorum
1111 2488 1268 2543 temeraria
1290 2505 1364 2557 prar-

316 2573 490 2642 sumptione.
525 2568 715 2645 'Tandemque
743 2574 819 2629 facta
846 2573 1093 2644 diligentissima³
1117 2573 1250 2627 veritatis
1269 2571 1366 2642 inqui-

316 2656 430 2720 sitione,
444 2659 557 2713 inventi
570 2664 638 2713 sunt
656 2664 685 2713 et
703 2659 829 2713 convicti
846 2658 1048 2713 malefactores
1061 2658 1217 2728 plusquam
1235 2661 1364 2719 centum,

315 2740 346 2795 in
365 2743 576 2812 sempiternum
594 2743 721 2797 civitatis
741 2749 770 2797 et
788 2742 927 2796 villarum
945 2743 1107 2797 vicinarum
1126 2741 1366 2795 numerosarum*

315 2826 504 2895 obprobrium
531 2827 694 2881 indelebile.
744 2827 821 2895 Quos
852 2845 952 2881 omnes
981 2827 1086 2881 merito
1109 2827 1200 2897 jussit
1229 2826 1366 2880 dominus

314 2927 365 2962 rex
391 2911 530 2979 patibulis
558 2913 736 2981 praesentari.
775 2912 814 2965 Et
840 2912 907 2964 idco
925 2911 1141 2974 inexorabilius,
1171 2911 1240 2980 quia
1264 2909 1368 2963 cirita

314 3001 374 3048 tem
402 2996 560 3050 Wintouiao
589 2997 687 3050 locum
717 2997 881 3051 nativitatis
913 3016 973 3050 suae
1004 2998 1139 3066 nequiter
1168 2995 1365 3049 macularunt.

147 3078 291 3140 Quarrelat
314 3078 425 3132 Eodem
444 3087 583 3150 tempore,
598 3081 656 3134 levi
669 3087 754 3134 nacta
773 3081 931 3143 occasione,
946 3087 1118 3150 procurante
1137 3079 1258 3133 humani
1277 3096 1366 3149 gene·

148 3145 298 3211 cambfidsse
314 3163 356 3216 ris
376 3164 503 3227 inimice,
526 3182 606 3217 sacre
625 3171 756 3234 tempore
776 3163 1039 3234 Quadragesimali,
1061 3171 1124 3217 orta
1149 3171 1195 3217 est
1219 3163 1368 3217 discordia

146 3213 259 3328 igme?
315 3247 393 3316 apud
413 3247 641 3318 Cantebrugiam
667 3249 744 3302 inter
771 3249 933 3319 burgenses
963 3255 992 3301 et
1018 3248 1154 3311 scolares,
1183 3246 1261 3316 quod
1287 3264 1367 3317 sarpa

148 3349 292 3408 gessenna
316 3330 467 3399 contingit,
488 3333 672 3385 machinante
691 3332 815 3397 diabolo,
835 3334 867 3385 in
885 3332 1125 3401 Quadragesima.
1162 3331 1206 3384 Ex
1225 3349 1283 3400 qua
1299 3336 1369 3400 post

148 3411 267 3462 scholare.
317 3455 323 3468 .
346 3455 353 3468 .
375 3454 381 3467 .
403 3414 553 3469 domorum
574 3417 756 3471 effractiones
777 3459 783 3469 .
806 3458 812 3470 .
837 3459 843 3469 .
865 3424 981 3481 seeuta;
1001 3417 1078 3469 undo
1097 3415 1268 3487 postmulta
1286 3423 1500 3484 uuo-stiffi„

315 3497 404 3568 bique
424 3500 560 3553 scandala
578 3514 607 3554 ot
626 3502 759 3570 dampna,
774 3519 844 3570 rege
863 3506 1037 3570 procurante
1057 3506 1086 3554 ct
1105 3506 1201 3555 sontes
1214 3500 1366 3570 puniente,

150 3588 302 3652 Attemptto
316 3587 394 3636 totus
425 3584 570 3638 tumultus
599 3587 726 3640 cessavit
753 3585 931 3655 pacificatus.
971 3585 1050 3638 Tunc
1080 3603 1194 3655 quoque
1225 3585 1367 3655 temporis

149 3655 287 3717 P⁰l⁸⁰¹¹lh0
317 3684 384 3720 cum
409 3666 597 3723 Frethericus
615 3671 778 3723 infirmatus
807 3670 981 3737 purgatione
1008 3668 1176 3722 medicinali
1207 3674 1236 3722 et
1260 3668 1367 3723 balneo

149 3736 268 3785 emim*
316 3751 502 3820 indiguisset,
534 3754 756 3823 procurantibus
784 3751 873 3805 Petro
908 3753 944 3804 de
972 3753 1085 3816 Vineis,
1118 3752 1285 3808 consiliario
1311 3771 1367 3807 suo

318 3836 537 3903 specialissime,
571 3844 600 3892 ct
630 3837 762 3907 ejusdem
799 3834 991 3907 F[retherici]
1029 3837 1151 3908 phisico,
1190 3837 1220 3889 in
1257 3837 1367 3907 quibus

316 3919 442 3971 maximo
469 3921 630 3975 confidebat
660 3922 756 3976 anima
783 3919 856 3990 ejus,
888 3921 1045 3974 intoxicata
1075 3921 1132 3974 suit
1161 3920 1307 3973 medicina
1338 3927 1369 3974 et

316 4000 462 4054 balneum.
502 4003 596 4074 Super
615 4023 672 4075 quo
685 4005 877 4075 praemunitus
891 4001 1117 4074 F[retherieus]‚
1133 4004 1202 4058 fecit
1214 4003 1286 4058 duos
1300 4022 1368 4059 reos

317 4085 419 4138 mortis
448 4095 478 4140 et
503 4090 591 4141 morti
618 4090 748 4144 addictos
774 4091 921 4159 potionem
946 4088 1064 4141 haurire
1093 4094 1122 4142 et
1151 4089 1254 4141 balneo
1285 4088 1368 4142 ablui

318 4175 495 4234 memorato;
529 4173 580 4241 qui
617 4173 685 4226 ilico
724 4174 902 4243 expirarunt.
951 4170 1035 4226 Fecit
1064 4172 1157 4241 igitur
1183 4171 1369 4242 judicialiter

319 4253 382 4305 erui
401 4254 500 4307 oculos
519 4256 728 4311 convictorum.
767 4257 807 4311 Et
824 4262 894 4310 tunc
913 4256 1142 4326 F[ret·hericus]‚
1163 4275 1224 4327 prae
1244 4256 1369 4327 spiritus

355 4488 500 4555 'priuauit]
520 4490 663 4554 pririravit,
675 4491 732 4542 ΜΒ.
841 4523 843 4527 -
899 4494 1115 4560 ⁴numer0sarum]
1171 4511 1370 4560 nemorosamm,

352 4569 363 4600 ²
380 4570 550 4635 abundabant]
564 4570 753 4631 habundabant,
762 4573 817 4623 MS.
841 4532 844 4624 l
866 4574 921 4624 MS.

352 4650 818 4718 rsaqaasmamnguesumns.
842 4631 844 4702 ἱ
