3060 5468
342 688 386 752 64
466 698 633 749 ulmum
656 697 871 750 alamannam
889 701 1052 750 msroau
1072 700 1274 751 suanorum

175 875 243 930 Aa).
258 884 331 931 12⁴9.
343 872 367 936 J
370 872 545 958 [ohannes]
586 873 699 938 fecisse
730 881 1010 952 commemoratur,
1044 875 1141 953 facto,
1176 876 1296 941 animae
1328 897 1399 941 suae

209 1054 215 1067 ἱ
344 975 487 1039 multum
509 975 654 1040 ereditur
675 977 873 1043 subvenisse.
922 977 1019 1058 Quod
1045 978 1123 1043 huic
1146 978 1276 1066 pagiuae
1298 979 1399 1043 duxi-

344 1099 418 1142 mus
440 1079 676 1145 annotandum.

486 1389 576 1456 Noto
591 1391 730 1477 factum
752 1391 926 1458 laudabile
948 1391 1039 1477 repis
1060 1390 1259 1458 Jolronnia.1

175 1574 331 1628 Pnisevor-
388 1564 531 1644 Quidam
561 1566 745 1653 philosophi
769 1567 885 1648 Graeci,
908 1567 1005 1633 vultu
1029 1571 1063 1632 et
1093 1572 1189 1654 gestu
1221 1567 1328 1633 severi
1360 1572 1396 1633 et

173 1642 321 1774 ffiffiffi
341 1668 553 1747 venerabiles,
577 1670 676 1735 tertio
691 1669 745 1734 vel
768 1676 887 1755 quarto
911 1692 998 1735 anuo
1022 1671 1117 1756 regni
1138 1670 1286 1756 ejusdem
1309 1670 1397 1757 regis

174 1775 203 1824 in
216 1777 292 1827 refer-
323 1749 366 1835 ’J
370 1770 537 1858 [ohannis]
570 1772 605 1837 in
627 1773 785 1860 Angliam
815 1772 859 1836 ab
890 1772 1033 1837 Athenis
1059 1773 1237 1849 venientes,
1270 1773 1396 1837 curiam

174 1850 275 1960 {pato
343 1875 428 1960 regis
450 1875 614 1954 adienmt,
637 1882 805 1962 sperantes
828 1896 911 1954 eum,
936 1883 970 1940 et
1002 1874 1085 1939 alios
1107 1877 1166 1961 per
1195 1895 1396 1960 consequens

174 1976 329 2092 lGreekpni-
342 1978 566 2054 occidentales,
589 1978 624 2042 in
655 2000 766 2043 arcum
796 1999 937 2064 pravum
967 1978 1003 2040 in
1036 1975 1186 2040 articulis
1217 1975 1296 2040 fidei
1318 1998 1396 2041 con·

183 2044 309 2108 ΨΜ
342 2081 487 2145 vertisse.
533 2079 718 2145 Senescallo
740 2102 870 2165 quoque
892 2080 978 2165 regis
1000 2079 1167 2158 dixerunt,
1192 2077 1396 2143 “Habemus

342 2204 523 2247 sermonem
553 2183 687 2248 domino
717 2182 795 2268 regi,
820 2181 864 2245 ad
898 2181 1083 2246 utilitatem
1114 2180 1218 2246 totius
1241 2180 1394 2260 ecclesiae,

342 2289 377 2348 et
419 2285 513 2370 regni
553 2284 602 2348 sui
642 2285 825 2350 utilitatem
859 2283 1098 2348 declarandum.
1156 2282 1270 2347 Latini
1304 2283 1395 2348 enim

343 2386 524 2451 Christiani
547 2409 567 2450 a
590 2387 724 2452 tramite
739 2386 891 2451 veritatis
913 2386 950 2449 in
965 2384 1113 2450 articulis
1134 2384 1212 2450 fidei
1234 2383 1396 2450 hactenus

342 2487 577 2567 exorbitantes,
601 2488 779 2553 enormiter
808 2489 1046 2574 periclitantur,
1070 2508 1152 2573 quos
1174 2487 1396 2551 desideramus

342 2590 385 2654 ad
408 2591 628 2676 cognitionem
653 2591 805 2657 veritatis
834 2590 1010 2655 salubriter
1043 2588 1322 2675 irrefragabilibus
1344 2611 1396 2654 ra·

342 2694 490 2760 tionibus
524 2715 683 2771 revocare,
714 2698 754 2759 ut
783 2691 982 2759 salventur.''
1027 2692 1124 2772 Quod
1155 2713 1230 2756 cum
1261 2691 1395 2757 domino

341 2798 410 2883 regi
440 2797 569 2883 plenius
603 2796 827 2875 intimaretur,
850 2795 980 2881 Spiritu
1007 2794 1137 2871 Sancto,
1166 2799 1206 2859 ut
1239 2794 1395 2872 ereditur,

340 2900 482 2978 edoctus,
505 2899 682 2985 respondit,
714 2898 926 2962 “Multorum
958 2903 1153 2974 sanctorum,
1178 2896 1219 2960 de
1253 2918 1394 2981 quorum

338 3003 515 3068 sanctitate
538 3007 572 3067 et
601 3002 799 3067 auctoritate
823 3001 887 3065 toti
919 3000 1041 3064 mundo
1075 2998 1242 3062 miraculis
1264 3005 1395 3064 constat

339 3105 558 3185 evidentibus,
582 3105 671 3183 fides,
688 3128 788 3191 quam
811 3104 1019 3190 suscepimus,
1039 3102 1230 3181 roboratur;
1254 3100 1339 3178 n010,
1356 3107 1395 3166 ut

339 3229 451 3273 eorum
486 3209 767 3295 disputationibus
796 3207 961 3271 ullatenus
995 3206 1140 3270 discussa
1168 3204 1311 3279 vacillet,
1335 3225 1394 3269 nec

339 3317 428 3375 certa
466 3334 525 3396 pro
555 3313 688 3376 incertis
724 3315 968 3376 commutemus.
1010 3309 1162 3373 'Possent
1201 3306 1290 3371 enim
1327 3307 1393 3371 cito

340 3413 469 3491 multos,
508 3414 608 3477 etiam
655 3414 691 3476 in
736 3412 803 3477 fide
840 3412 982 3489 stabiles,
1022 3411 1089 3474 suis
1127 3408 1322 3494 ambagibus
1358 3414 1394 3472 et

340 3513 450 3577 dubiis
481 3514 729 3599 deceptionibus
752 3536 772 3576 a
801 3518 892 3578 statu
918 3512 1129 3577 certitudinis
1156 3516 1338 3587 concutere,
1360 3517 1395 3575 et

340 3616 484 3701 aliquam
511 3615 704 3692 novitatem,
737 3629 803 3700 qua
827 3613 976 3702 gaudent
1006 3613 1164 3690 moderni,
1189 3614 1393 3699 persuadere.

340 3718 507 3784 Recedant
534 3719 638 3804 igitur
670 3718 849 3796 confestim,
872 3740 932 3782 nec
966 3718 1106 3803 amplius
1138 3717 1174 3779 in
1207 3721 1296 3781 terra
1322 3737 1395 3781 mea

339 3821 525 3901 videantur,
543 3821 596 3885 vel
620 3820 828 3886 audiantur.'’
874 3821 919 3886 Et
941 3821 996 3898 sic,
1012 3819 1167 3906 imposito
1183 3819 1230 3882 eis
1252 3818 1394 3898 silentio,

339 3923 436 3988 vacui
458 3930 661 3988 recesserunt
683 3929 719 3988 et
741 3923 876 3989 confusi.

347 4128 521 4136 --.--.
541 4131 673 4138 ..φρ-.-
826 4128 846 4134 ...
873 4127 881 4133 .
908 4127 917 4131 -
965 4127 979 4131 -
1002 4127 1017 4131 -ι
1063 4127 1146 4132 -—--—

376 4251 383 4282 ¹
402 4252 449 4302 Sec
472 4267 487 4301 a
507 4251 622 4315 previous
646 4251 729 4301 notice
746 4250 777 4300 os
790 4250 841 4300 this
853 4252 1019 4301 eventunder
1038 4251 1081 4300 the
1098 4265 1160 4316 year
1173 4255 1245 4310 1216,
1265 4251 1291 4299 in
1303 4249 1353 4301 vol.
1365 4248 1391 4299 ii.

340 4347 365 4396 p.
382 4337 436 4381 194.
