3060 5468
305 712 353 761 nn
374 712 536 764 rmroas
557 713 659 764 arms
682 714 839 778 amaror,
862 714 928 766 vrz.
951 715 1074 767 rnarrr.
1154 703 1214 766 121

209 998 391 1068 cawades
404 998 504 1087 fluat
525 998 625 1067 obbas
652 999 936 1072 Westmocwsterti
957 1007 987 1068 et
1009 999 1080 1088 ejrrs
1102 1023 1177 1069 corr·
1230 1006 1300 1061 al).
1315 1015 1387 1064 rasa.

631 1109 756 1169 reatus.

215 1272 331 1360 Sopita
362 1277 413 1340 est
447 1273 617 1351 discordia,
651 1295 725 1360 quae
759 1295 817 1360 per
839 1273 962 1340 multos
994 1295 1099 1341 annos
1122 1277 1219 1343 dura·
1231 1293 1314 1346 Peroe

167 1379 264 1439 verat
282 1375 371 1440 inter
385 1374 542 1440 abbatem
556 1374 843 1442 Westmonastsrii
867 1380 901 1440 et
924 1377 995 1462 ejus
1010 1383 1218 1460 conventum,
1230 1360 1367 1481 {ffibge

167 1482 366 1565 procurante
388 1477 522 1541 domino
544 1498 632 1564 rege,
657 1478 715 1564 qui
737 1477 884 1564 ejusdem
915 1481 1109 1546 monasterii
1131 1494 1347 1546 amathuntos

168 1584 223 1646 tor
245 1578 431 1646 dinoscitur
452 1579 613 1666 specialis.
1229 1561 1385 1679 :imum

1229 1702 1347 1748 convent.

458 1858 608 1926 Ia'bertos
631 1858 680 1925 eis
701 1867 746 1927 est
769 1881 927 1927 cosmoe.

213 2029 286 2096 Rex
321 2031 437 2116 utique
470 2037 605 2118 propter
627 2031 742 2112 multa,
766 2054 840 2117 quae
863 2032 954 2097 dicta
976 2031 1112 2097 ecclesia
1134 2032 1216 2098 tole·
1230 2049 1337 2102 chaat

167 2139 299 2198 raverat
331 2132 536 2220 gravamina,
571 2135 608 2198 in
638 2133 974 2220 recompensationem
1006 2140 1040 2199 et
1071 2121 1384 2251 consola-{ffligffg

167 2236 293 2302 tionem
316 2239 475 2303 concessit
510 2238 652 2326 benigne
675 2240 793 2320 eidem,
826 2244 876 2319 ut,
908 2243 1050 2305 vacante
1081 2239 1217 2304 abbatia
1228 2250 1271 2301 the
1281 2251 1377 2303 ehuoeh

168 2338 468 2421 westmonasterii,
496 2342 694 2430 disponatur
731 2342 833 2407 libere
874 2341 915 2405 de
959 2341 1217 2428 possessionibus
1228 2316 1351 2438 ffleessf'

168 2441 277 2528 ipsum
301 2449 500 2509 conventum
526 2444 804 2532 contingentibus,
835 2466 917 2532 quas
947 2444 1118 2511 consucvit
1146 2466 1216 2527 rex,

167 2545 224 2631 qui
258 2568 318 2631 pro
350 2551 497 2633 tempore
531 2547 650 2627 fuerat,
683 2548 720 2613 in
753 2570 855 2614 manu
886 2569 954 2625 sua,
988 2547 1024 2611 in
1058 2569 1215 2634 magnum

169 2645 350 2734 dampnum
383 2650 509 2730 domus,
548 2650 650 2717 donec
688 2651 774 2715 alius
811 2650 913 2715 abbas
950 2648 1215 2731 substitueretur,

168 2754 293 2816 temere
308 2751 451 2817 retinere
464 2750 486 2832 ;1
501 2775 560 2839 per
575 2774 675 2838 quam
690 2753 919 2828 retentionem,
932 2757 973 2817 ut
988 2752 1216 2838 protelaretur,

170 2852 331 2939 impedita
353 2853 463 2919 fuerat
485 2854 610 2932 electis,
634 2855 820 2941 nugatoriis
843 2854 1093 2940 exceptionibus
1116 2860 1218 2918 retar-

170 2954 257 3021 data.
303 2955 414 3041 Hujus
447 2956 496 3020 rei
529 2962 620 3022 carta
648 2957 737 3034 alibi,
760 2957 795 3021 in
819 2957 915 3022 domo
946 2955 1062 3022 Sancti
1083 2955 1216 3033 Albani,

168 3056 329 3123 Historiae
351 3055 623 3123 commendatur.2

256 3335 391 3420 Yrcuycc
414 3335 506 3401 ister
528 3357 637 3420 repeat
660 3335 876 3402 Francorum
897 3339 927 3398 ct
949 3330 1133 3398 soldanum

592 3435 790 3503 Bubilooioe,

211 3610 326 3694 Captae
349 3616 429 3675 sunt
452 3616 579 3697 treugae
610 3609 699 3675 inter
728 3630 837 3696 regem
869 3609 1071 3673 Francorum
1094 3609 1129 3669 et
1151 3603 1214 3669 sol·
1228 3614 1372 3700 Truces-¹

166 3711 291 3776 danum
325 3711 518 3788 Babiloniae‚
551 3733 593 3776 ex
625 3734 692 3775 una
723 3717 827 3796 parte,
851 3710 916 3775 sibi
939 3707 1159 3782 conferentes,
1182 3708 1217 3769 et
1227 3683 1371 3814 ἱῗζῗοξὴθ·

165 3814 346 3878 Soldanum
363 3813 516 3900 Halapiae
539 3814 783 3892 adversantem,
807 3834 850 3878 ex
872 3812 943 3876 alia.
983 3810 1029 3875 Et
1051 3807 1216 3873 restitutae
1228 3814 1383 3867 Funeennd

164 3921 244 3980 sunt
278 3917 431 4001 quaedam
466 3922 563 3982 terrae
609 3937 684 3982 cum
722 3915 864 4001 captivis
897 3915 967 4000 regi
1006 3880 1379 4014 Francorum.1⁵3‘J,¹1{¹y¹¹1¹,¹„{{f

166 4017 316 4082 Oderunt
339 4019 427 4084 enim
451 4041 485 4084 sc
509 4019 552 4083 ad
575 4019 715 4084 invicem
740 4016 907 4083 Babilonii
930 4021 964 4081 et
987 4015 1199 4100 Halapenses.

197 4304 205 4334 ¹
224 4304 344 4371 retinere]
363 4320 459 4366 renero,
470 4304 528 4356 MS.
713 4305 793 4364 Wats,
804 4320 829 4367 p.
839 4303 979 4365 841,dated
988 4307 1014 4352 at
1023 4300 1059 4352 St.
1069 4296 1215 4357 Edmnnd's,

195 4382 206 4414 ²
222 4384 412 4450 commendatur]
427 4384 662 4445 comendatur,MS.
714 4390 747 4436 a⁰.
759 4399 779 4434 r.
792 4390 832 4433 36.

163 4462 226 4512 This
242 4463 342 4514 charter
361 4463 384 4513 is
404 4465 430 4513 in
451 4466 491 4524 Β.,
509 4466 559 4513 and
577 4464 602 4514 in
624 4467 663 4514 cd.
