3060 5468
314 712 362 761 nn
381 714 540 766 TEMPORE
562 717 662 767 sums
684 719 838 785 HENRICI,
861 720 926 771 VIZ.
948 723 1072 775 suurn.
1151 716 1211 776 145

169 884 224 961 sel,
247 887 400 955 clericum
423 912 519 958 suum
542 892 724 979 specialem,
749 898 789 958 ut
819 893 889 980 ejus
911 893 1019 960 foedus
1046 898 1080 959 et
1101 894 1292 966 amici-Au).
1307 922 1377 968 reas.

169 987 251 1052 tiam
273 992 486 1076 postularent,
511 1000 545 1058 et
570 1017 713 1061 sororem
735 1018 828 1061 suam
851 997 1016 1061 uterinam
1038 996 1211 1076 Edwards,
1224 994 1338 1071 offlspain
1353 1006 1377 1045 ‘0

170 1088 320 1158 filiosuo
350 1095 570 1183 primogenito
597 1102 632 1162 et
663 1098 775 1163 heredi
805 1098 963 1185 legitime,
986 1098 1211 1164 matrimoniu-
1223 1075 1338 1180 {¹212ssss

168 1190 262 1257 liter·
276 1201 427 1282 peterent
461 1200 687 1287 copulandam.
734 1200 811 1288 lpse
845 1206 957 1266 autem
988 1222 1048 1266 rex
1080 1201 1211 1288 Angliae

170 1292 377 1363 Wasconiam
399 1307 579 1367 memorato
608 1302 676 1368 filio
708 1325 767 1367 suo
790 1305 1000 1380 concesserat,
1025 1304 1115 1387 quod
1143 1325 1212 1372 non

169 1395 352 1485 discrepatl
366 1424 387 1466 a
400 1403 605 1469 concessione
627 1404 777 1470 facienda
801 1404 967 1490 praedictae
989 1404 1106 1490 puellae
1128 1426 1211 1491 prae·

167 1496 236 1562 fato
274 1501 469 1591 E[dward0]
504 1505 704 1572 maritandae.
751 1506 945 1572 Postulabat
975 1511 1085 1571 autem
1123 1506 1211 1571 idem

166 1620 225 1665 rex
247 1601 420 1690 Hispaniae
450 1607 661 1693 praesentiam
693 1608 850 1673 Edwardi
882 1607 945 1672 sibi
980 1607 1140 1687 exhiheri,
1172 1612 1210 1673 ut

166 1723 250 1784 cum,
273 1713 371 1793 prout
393 1713 527 1776 tantum
550 1710 661 1776 decuit
683 1710 930 1789 adolescentem,
954 1708 1084 1796 cingulo
1108 1709 1208 1773 dona·

166 1810 218 1870 ret
247 1809 393 1888 militari,
424 1818 459 1878 ct
490 1835 602 1879 eorum
635 1809 860 1887 satisfaceret,2
895 1816 993 1898 prout
1027 1810 1207 1896 expediret,

167 1910 329 1994 petitioni.

181 2143 367 2232 Episcopus
389 2147 646 2215 lincolnienses
667 2149 833 2216 Reiectus
854 2148 1057 2235 infirmatus
1087 2146 1202 2214 taliter

408 2251 627 2338 coitquert'tur
649 2251 690 2318 de
711 2258 804 2319 uota
827 2250 972 2317 ecclesiae.

210 2406 337 2473 Diebus
359 2411 422 2475 suh
444 2411 567 2476 eisdem
590 2411 761 2498 episcopus
784 2410 1022 2475 Lincolniensis
1046 2410 1211 2475 Rohertus
1225 2428 1369 2492 Complaint

168 2510 256 2594 apud
277 2511 444 2598 Bugeden,
469 2514 653 2578 manerium
677 2535 781 2593 suum,
805 2512 961 2577 decubuit
983 2513 1133 2598 graviter
1162 2512 1211 2575 in·
1224 2493 1367 2612 ζξῗίζξὲῗῃ

167 2612 325 2681 firmatus.
383 2614 450 2695 Qui
487 2617 522 2680 in
562 2615 683 2702 spiritu
720 2635 923 2702 praenoscens
961 2615 1210 2679 tribulationem
1223 2627 1307 2678 onhis
1370 2602 1377 2621 '

167 2714 308 2781 ecclesiae
340 2716 378 2780 in
409 2717 558 2802 proximo
592 2718 754 2803 ingruere,
788 2717 921 2781 vocavit
955 2717 1053 2780 adse
1075 2715 1211 2780 fratrem
1222 2694 1365 2825 ssssssmg

10 2823 39 2871 ›l-
56 2823 113 2869 ³⁵⁰
124 2815 148 2868 ὁ·
167 2816 190 2879 J
193 2817 355 2881 ohannem
379 2818 419 2882 de
444 2818 568 2883 Ordine
592 2819 857 2895 Praedicatorum,
872 2817 994 2882 scilicet
1016 2817 1212 2904 magistrum
1223 2827 1340 2878 thesram
1352 2832 1380 2878 os

167 2918 353 2985 «Iohannem
385 2920 425 2985 dc
449 2921 571 2986 Sancto
595 2921 723 3007 Egidio,
757 2922 791 2984 in
827 2925 897 2984 arte
920 2918 1106 2984 medicinali
1128 2892 1377 3005 peri-‘'¹⁰⁰¹'l‘0l

167 3028 247 3100 tum,
272 3030 306 3086 ct
333 3023 367 3085 in
391 3022 557 3108 theologia
579 3023 741 3088 lectorem.
784 3023 1002 3106 Recitansque
1024 3020 1111 3084 facta
1125 3042 1211 3104 qum-

167 3124 242 3188 dam
266 3126 496 3202 Romanorum,
521 3147 596 3190 eum
618 3125 764 3211 graviter
787 3124 955 3210 redarguit
978 3129 1012 3188 ct
1034 3123 1210 3187 confratres

167 3249 250 3301 suos,
273 3249 397 3293 necnon
422 3234 456 3293 ct
480 3228 632 3308 Minores,
655 3249 692 3292 eo
716 3226 804 3314 quod
829 3226 918 3291 Ordo
941 3246 1051 3290 eorum
1074 3227 1109 3289 in
1131 3248 1210 3311 pau-

167 3335 298 3414 pertate
314 3331 499 3395 voluntaria
522 3331 745 3406 constituitur,
767 3335 807 3393 ut
829 3328 965 3392 liberius
987 3328 1073 3392 vitia
1096 3335 1209 3414 poten·

168 3436 240 3494 tum
267 3433 386 3496 acriter
408 3433 657 3519 reprehendant.
705 3433 748 3497 In
779 3432 841 3498 hoc
874 3437 994 3508 autem,
1028 3432 1116 3516 quod
1148 3431 1207 3516 ipsi

167 3538 301 3618 pecca-ta
331 3541 524 3619 magnatum
557 3536 712 3600 audacter
745 3556 813 3599 non
845 3536 1056 3620 redarguunt,
1081 3533 1208 3598 eosdem

166 3635 335 3700 haereticos
351 3636 439 3700 dixit
453 3636 649 3702 manifestos.
696 3636 909 3722 interrogans
924 3637 1057 3721 insuper
1071 3637 1206 3699 eundem

167 3737 311 3817 fratrem,
335 3737 450 3818 “Quid
490 3745 575 3804 esset
597 3737 779 3805 haeresisl’'
801 3745 835 3803 et
857 3738 913 3803 illc
936 3738 1129 3814 haesitasset,
1154 3761 1209 3801 uu-

167 3841 324 3903 tenticam
359 3862 425 3904 non
459 3842 601 3905 recolens
633 3841 875 3921 diffinitionem,
911 3840 998 3904 dixit
1031 3840 1208 3925 episcopus

168 3949 185 3974 “
198 3941 342 4006 Haeresis
365 3949 415 4008 est
437 3944 603 4009 sententia
625 3945 770 4007 humano
792 3965 888 4008 sensu
903 3942 1209 4028 electaficripturae
1222 3964 1378 4030 pluvialis.

169 4042 274 4109 Sacrae
312 4046 483 4125 contraria,
507 4046 615 4132 palam
653 4045 778 4122 edocta,
816 4045 1029 4131 pertinaciter
1067 4031 1351 4146 dssfssflfflfflss‘ff'

167 4144 311 4209 Haeresis
334 4148 421 4211 enim
446 4148 565 4223 Graece,
590 4148 704 4212 electio
720 4145 868 4211 Latine.''
914 4145 958 4209 Et
974 4153 1209 4231 consequenter
1223 4118 1339 4213 G'raai‘

165 4247 400 4332 reprehendens
422 4250 583 4335 praelatos,
609 4255 642 4314 et
664 4250 807 4314 maxime
830 4250 1003 4329 Romanos,
1027 4249 1209 4334 subjunxit,
1221 4239 1347 4294 ⁸²¹'''P'‘¹”‘·

167 4349 289 4415 “Dare
311 4374 422 4416 curam
446 4352 632 4416 animarum
647 4353 795 4437 parvulo
810 4352 976 4417 sententia
999 4357 1049 4417 est
1071 4351 1207 4436 alicujus·

200 4620 206 4649 ¹
227 4623 363 4689 discrepat]
383 4626 520 4687 descmput
533 4624 588 4675 MS.
688 4623 694 4690 Ι
750 4621 947 4686 Ιὶιιαείεχιιοιενιει]
966 4622 1095 4681 aat’fac'ct,
1106 4622 1163 4672 MS.

251 4721 328 4770 VOL.
352 4721 403 4775 ΠΙ.
1051 4719 1078 4767 K
