3060 5468
306 701 353 749 ua
375 700 534 748 rustecus
557 701 657 749 asora
681 700 837 766 nautum,
860 702 924 753 vra.
948 703 1071 752 maru.
1168 690 1210 753 93

159 891 246 958 papa
267 870 391 950 scribit,
415 875 455 935 ut
476 869 543 934 illis
565 870 601 934 in
623 869 790 935 beneficiis
812 872 969 937 uberibus
990 871 1212 959 provideatur,
1225 882 1293 934 Aa).
1308 890 1371 935 1250

159 973 210 1036 ita
231 971 320 1058 quod
342 971 386 1035 ad
408 976 538 1037 tantam
561 972 709 1057 pecuniae
732 973 956 1058 quantitatem
985 972 1212 1051 ascenderunt,
1225 961 1378 1065 pppoaopppr

10 1084 138 1138 baraca.
160 1080 200 1139 ut
222 1074 304 1160 regii
326 1073 477 1139 redditus
500 1073 680 1138 creduntur
701 1072 880 1140 aestimari.1
937 1075 1070 1140 Fratres
1093 1073 1367 1168 Praedifflffi

161 1181 285 1242 catores
308 1180 343 1241 et
372 1175 526 1252 Minores,
549 1197 591 1240 ex
622 1181 785 1261 praecepto
809 1177 933 1240 domini
956 1199 1051 1264 papae
1073 1182 1214 1264 urgente
1225 1174 1379 1268 limi?

160 1284 195 1344 et
217 1278 405 1344 obedientia
427 1281 573 1362 cogente,
596 1276 738 1340 officium
760 1276 904 1342 subeunt
932 1278 969 1342 in
991 1279 1134 1365 negotiis
1157 1275 1380 1378 pa-§dlgyfgggur

160 1381 290 1467 palibus
312 1379 519 1466 peragendis.
567 1377 695 1458 Quibus
718 1401 738 1442 a
760 1379 892 1445 domino
915 1402 1001 1466 papa
1024 1381 1213 1446 conceditur
1225 1385 1291 1428 ΜΝ

160 1487 307 1569 potestas
329 1504 428 1568 supra
451 1480 675 1568 praecellentes
697 1480 913 1558 ecelesiarum,
939 1488 1010 1548 tam
1042 1482 1215 1550 cathedra-

160 1585 243 1649 lium
281 1606 380 1670 quam
421 1582 700 1662 conventualium,
736 1583 897 1669 praelatos.
959 1585 1064 1664 Quod,
1099 1585 1212 1671 paucis

161 1685 280 1772 elapsis
302 1685 408 1765 annis,
430 1684 587 1750 videlicet
617 1683 768 1769 triginta,
790 1706 858 1751 non
890 1686 1086 1752 credidimus
1118 1709 1211 1774 posse

161 1789 301 1854 evenire.
349 1784 474 1852 Multi²
496 1786 604 1851 sancti
626 1785 663 1849 in
686 1785 819 1872 Anglia,
843 1792 879 1853 et
892 1789 1055 1874 praecipue
1078 1795 1211 1854 sanctus
1223 1799 1381 1896 ffffl'

162 1887 381 1969 Edmnndus,³
412 1884 696 1974 archiepiscopus⁴
724 1891 759 1952 et
793 1888 965 1967 confessor,
986 1889 1213 1977 sollempniter
1278 1863 1310 1904 ηε
1366 1885 1373 1898 ’

161 1993 384 2069 canonizatus,
429 1990 519 2077 apud
558 1989 790 2054 Pontiniacum
827 1990 998 2057 choruscat
1034 1992 1210 2058 miraculis

162 2094 303 2160 Sanctus
326 2092 490 2158 Robortus
512 2091 673 2157 heremita
696 2090 785 2176 apud
810 2089 1004 2159 Knareburc
1027 2094 1211 2159 virtutibus

161 2197 265 2261 claret
286 2194 477 2260 manifestis.
524 2193 705 2279 Episcopus
727 2213 856 2278 quoque
878 2193 1116 2261 Londoniensis
1147 2197 1211 2261 Ro-

161 2320 267 2384 gerus‚
290 2303 325 2363 et
348 2296 407 2362 alii
429 2296 538 2382 plures
561 2295 598 2359 in
620 2293 752 2380 Anglia,
776 2299 811 2359 et
833 2301 948 2362 sancta
979 2297 1152 2363 Elisabeth
1175 2299 1212 2362 in
1224 2306 1380 2404 {affl-sk

162 2400 369 2478 Alemannis,
398 2397 469 2463 filia
501 2397 588 2483 regis
627 2396 819 2481 Hungariae,
851 2398 973 2479 vidna3
1014 2421 1142 2465 necnon
1179 2404 1374 2514 etfflffi

161 2509 277 2570 sancta
300 2499 522 2586 Hildegardis,
544 2496 756 2584 prophetissa,
780 2498 883 2586 signis
905 2500 1091 2587 insignibus
1121 2503 1213 2568 deco·
1374 2491 1381 2505 ’

160 2611 288 2671 rantur.
335 2602 473 2688 Insuper
495 2601 529 2665 in
562 2600 684 2665 eisdem
715 2600 868 2685 partibus
901 2603 1034 2668 ecelesia
1066 2604 1213 2671 militans

162 2712 292 2773 sanctas
313 2727 410 2771 novae
433 2701 599 2790 religionis
614 2700 772 2787 quasdam
787 2703 939 2770 mulieres
953 2707 1114 2791 producit,
1131 2729 1213 2793 quas

197 2989 204 3021 ¹
223 2988 271 3039 illis
288 3027 294 3040 .
313 3026 320 3039 .
338 3025 345 3039 .
362 2986 494 3051 testimari]
514 2985 554 3035 On
567 2998 599 3033 en
611 2996 664 3031 ers-
710 2987 779 3031 tores.
808 2980 914 3048 Insuper
925 2982 1212 3049 collectarumr'wueyotio

164 3082 229 3118 sure.
263 3068 365 3117 Instead
388 3065 419 3114 of
438 3073 465 3112 ut
487 3062 610 3125 (inserted
629 3060 664 3123 by
713 3059 802 3109 Crucis
810 3069 1067 3126 potenteserecutorcr,
1077 3072 1101 3113 et
1114 3066 1137 3112 ia
1146 3082 1212 3128 pra-

165 3161 181 3195 a
206 3152 291 3196 recent
313 3146 393 3207 hand)
423 3144 507 3192 before
530 3140 599 3205 regii,
623 3138 665 3188 the
709 3136 872 3188 dirutionibus
897 3150 1035 3203 qrroestorea,
1063 3150 1085 3192 et
1109 3145 1212 3206 peruul-

165 3226 234 3275 word
258 3225 417 3288 quantitatem
437 3237 488 3272 was
506 3226 532 3270 st
551 3221 606 3269 first
625 3234 665 3269 re·
710 3234 779 3266 arum
799 3217 955 3282 multiformes
972 3229 1102 3271 exactores.
1141 3221 1213 3270 Unde

166 3304 262 3366 peated,
288 3302 338 3351 and
364 3301 423 3350 then
452 3300 544 3349 erased.
590 3298 666 3347 After
701 3299 734 3345 ia
743 3296 859 3362 pluribus
870 3299 991 3347 sauctitas
1007 3307 1031 3348 ot
1040 3300 1116 3363 faura
1124 3301 1212 3363 primi-

166 3379 217 3429 this
229 3388 354 3439 sentence,
367 3379 394 3427 in
412 3378 454 3428 the
471 3380 550 3427 lower
565 3377 664 3441 margin
710 3377 762 3424 tiua
780 3376 870 3427 uideret
887 3379 1009 3443 expirare,
1029 3380 1079 3426 nisi
1099 3377 1212 3428 valentia

166 3458 188 3507 is
199 3459 298 3508 written
311 3458 373 3506 with
385 3473 400 3506 s
411 3457 540 3520 plummet,
557 3461 572 3485 ‘⁴
581 3456 665 3505 Pluri-
709 3453 1212 3523 obedientiaipsoseaausuret‚quiproptor

165 3553 263 3586 morum
277 3537 402 3587 Ordinum
413 3535 502 3586 frenes
519 3537 665 3596 floruerunt,
710 3532 866 3583 obedientiam
878 3543 1080 3600 optemperurunt.
1103 3536 1212 3587 Sanctar

165 3616 352 3675 Praedicatores,
381 3615 505 3675 Minores,
534 3614 665 3675 cruciferi,
710 3612 874 3674 AEdmundus,
911 3614 1098 3664 Cautuariearis
1134 3616 1211 3666 arcbi.

166 3693 495 3759 eame1iani,ssegewinr.’‘
711 3691 750 3740 Cf.
762 3693 801 3741 ed.
813 3691 894 3752 Wats,
907 3707 932 3756 p.
944 3697 1000 3742 805.
1033 3693 1065 3742 In
1078 3694 1120 3744 the
1136 3695 1213 3743 lower

198 3773 318 3839 '²Mulu']
337 3773 394 3823 The
405 3772 477 3822 small
489 3772 581 3836 capital
593 3771 666 3822 letter
711 3770 809 3833 margin
831 3770 881 3819 five
904 3771 968 3821 lines
986 3771 1051 3821 have
1073 3773 1127 3821 also
1149 3775 1211 3822 been

167 3853 288 3905 hasbeen
300 3853 403 3902 omitted
414 3860 440 3901 to
452 3853 483 3901 be
495 3852 564 3902 filled
574 3853 609 3902 in.
711 3849 810 3897 written
822 3849 885 3898 with
897 3864 912 3898 s
923 3849 1051 3912 plummet,
1068 3851 1113 3900 but
1125 3852 1186 3916 only
1197 3868 1212 3902 a

198 3932 323 3981 ³Fratres
340 3969 346 3981 .
364 3966 371 3981 .
389 3969 395 3981 .
413 3930 571 3996 Edmundus]
587 3932 666 3982 Writ·
711 3935 766 3990 part
782 3943 830 3978 can
847 3944 904 3978 now
916 3930 947 3978 be
959 3930 1027 3991 read,
1046 3945 1073 3979 as
1092 3930 1209 3981 follows:

165 4019 206 4060 ten
218 4026 251 4060 on
264 4011 358 4073 apiece
370 4010 402 4059 of
409 4010 501 4059 vellum
510 4012 596 4073 pasted
605 4026 666 4060 over
711 4005 797 4055 nobilis
813 4006 880 4056 seder
900 4006 974 4057 Cant.
993 4008 1018 4056 in
1038 4025 1087 4071 qua
1099 4008 1211 4059 sederunt

165 4089 208 4137 the
227 4087 335 4153 original
356 4096 417 4146 text,
435 4088 492 4137 half
504 4090 598 4147 erased,
616 4090 664 4138 and
709 4085 791 4133 sancti
800 4084 930 4148 praelecti,
943 4094 970 4134 ut
980 4085 1112 4152 alphegus,
1124 4088 1212 4139 Aurel-

165 4167 246 4231 partly
257 4167 339 4215 added
356 4165 383 4214 in
404 4165 446 4215 the
463 4167 571 4230 margin,
583 4165 664 4215 which
710 4163 1088 4228 utris,Lunfrancus,Ricardus,
1100 4166 1211 4216 Edmun·

166 4247 237 4294 reads
260 4244 335 4294 thus:
369 4244 442 4308 Papa
466 4244 496 4293 de
520 4246 588 4308 ipsis,
611 4242 666 4294 licet
709 4244 763 4303 dus,
776 4245 825 4292 uiri
835 4245 990 4306 sanctissimi,
999 4246 1034 4294 nd
1044 4243 1136 4295 libitum
1148 4250 1212 4312 regis

165 4322 287 4386 aliquibus
299 4324 391 4382 inuitis,
402 4340 458 4372 suos
462 4323 533 4386 fucit
545 4319 658 4386 tbeo[l]o
709 4321 767 4372 ullis
774 4322 899 4387 prioribus
913 4321 1071 4372 dissimilibua
1081 4328 1212 4374 contradis

165 4418 264 4450 neureos
284 4410 308 4452 et
327 4401 417 4466 legatos
439 4401 625 4463 transformatos
642 4409 665 4449 et
711 4438 717 4451 .
736 4438 742 4451 .
759 4438 766 4451 .
786 4439 791 4450 .
810 4400 967 4452 electoribus.
986 4440 991 4453 .
1011 4440 1036 4453 ..
1045 4404 1200 4467 possidenda.

164 4483 391 4540 murmurmurmur,
409 4489 480 4543 atque
499 4481 662 4527 moriturorum
742 4480 752 4511 ⁴
769 4480 980 4546 archiepiscopus]
995 4483 1133 4546 episcopus,
1145 4483 1212 4543 MS,

165 4559 203 4610 rel
217 4568 359 4608 mortuorum
379 4561 402 4608 in
415 4560 565 4608 testamentis
578 4574 663 4608 execu-
710 4574 737 4609 aa
748 4574 807 4609 now
818 4560 870 4610 lest.
