3060 5468
312 708 378 771 228
399 719 566 770 Mamm
589 716 798 769 rsarsrmsrs
819 713 1052 766 Aseusvttrlo
1074 716 1343 767 eunomeonum

147 897 403 958 AJ).1213.armis
422 902 539 951 onustas
557 937 563 949 .
588 937 595 949 .
617 937 625 950 .
645 895 768 958 stabant,
783 894 1005 950 combusserunt
1019 933 1141 949 .....
1161 893 1367 964 possiderunt.
1382 896 1451 947 Itid.
1462 897 1488 946 ii

314 980 377 1034 Rex
388 981 481 1052 igitur
494 980 674 1035 Francorum
686 999 753 1035 cum
767 981 829 1035 suis
848 979 984 1034 confusus
1004 984 1034 1032 et
1045 978 1189 1048 inglorius
1203 984 1250 1033 est
1262 995 1369 1034 rever·
1384 969 1442 1017 ¹³⁹·

315 1082 375 1120 sus.
412 1065 474 1119 Rex
494 1065 586 1135 igitur
604 1065 778 1135 Anglorum,
802 1064 861 1118 hiis
879 1062 997 1125 auditis,
1020 1069 1117 1116 mente
1135 1062 1307 1133 respiravit,

511 1194 580 1248 “Ut
601 1195 675 1249 solet
693 1194 790 1249 infuso
808 1210 884 1249 vena
902 1192 998 1248 redire
1018 1209 1099 1247 mero
1110 1214 1117 1258 ;
1128 1191 1162 1224 ”¹

315 1318 534 1390 precepitque²
546 1317 729 1372 multitudini
742 1359 748 1371 .
764 1358 771 1372 .
788 1359 794 1372 .
811 1359 818 1371 .
831 1317 963 1389 pecunias
975 1316 1177 1387 quantitatem,
1186 1316 1370 1388 promittens
1382 1338 1452 1390 md,
1461 1339 1488 1390 fl,

315 1402 376 1457 eis.
391 1443 398 1457 .
415 1403 511 1472 ¹regis
520 1402 700 1456 Francorum
711 1407 871 1465 vastarent,
885 1407 915 1455 ct
926 1399 1056 1454 ibidem³
1066 1400 1209 1455 incendiis
1221 1408 1371 1458 vacarent
1385 1411 1442 1456 lea.

147 1490 291 1556 Johnpro-
316 1493 347 1540 et
363 1484 486 1556 rapinis.
524 1485 592 1555 Ipse
619 1502 671 1539 rex
689 1484 767 1555 apud
785 1485 990 1539 Portesmuam
1007 1502 1076 1539 eum
1094 1485 1224 1539 exercitu
1242 1485 1371 1556 copioso
1399 1497 1518 1550 mest,

147 1566 302 1636 posestogo
315 1569 347 1623 in
364 1568 527 1623 Pictaviam
544 1568 768 1623 transiretavit.⁴
804 1568 959 1637 Magnetes
977 1567 1104 1638 Angliae,
1125 1568 1202 1623 sicut
1213 1568 1240 1622 ci
1261 1576 1370 1641 aperte

148 1624 284 1676 ²⁰P⁰¹¹⁰¹¹‘
315 1654 519 1725 predixerant,
540 1653 637 1723 ipsum
656 1653 749 1721 sequi,
765 1670 819 1706 neo
837 1653 956 1714 mirum,
969 1652 1099 1722 plenarie
1117 1652 1276 1707 noluerunt
1296 1694 1303 1708 .
1328 1695 1337 1708 .
1360 1696 1368 1709 .

315 1739 390 1793 liber
417 1745 447 1794 et
471 1738 634 1809 expeditus,
657 1737 771 1791 martiis
797 1737 914 1790 casibus
940 1736 1137 1805 indulgerent.
1174 1737 1239 1790 Hac
1267 1738 1370 1808 igitur

315 1822 518 1877 districtione.
535 1864 541 1876 .
558 1864 564 1876 .
581 1821 700 1875 .omnia
718 1820 775 1875 sibi
794 1826 880 1890 pacta
897 1826 927 1874 et
939 1820 1047 1890 placita
1064 1821 1222 1890 recepturi.
1251 1820 1371 1877 Ascen-

316 1908 421 1961 demnt
448 1948 453 1960 .
476 1949 483 1960 .
505 1948 511 1960 .
539 1948 546 1960 .
574 1947 580 1959 .
610 1922 712 1974 regem
743 1909 948 1975 pervenerunt.
996 1903 1110 1958 Ductus
1138 1911 1183 1958 est
1208 1904 1303 1975 igitur
1335 1906 1371 1960 in

315 1991 477 2062 capitulum
490 2029 635 2044 .......
657 2005 759 2059 pacem
777 1989 947 2058 recipiente.
980 1987 1064 2042 Fecit
1082 1988 1202 2058 insuper
1219 2005 1273 2041 rex
1291 2005 1371 2059 prae-
1384 2007 1489 2060 mr„

315 2075 392 2130 latos
409 2082 440 2130 ct
457 2078 608 2144 magnates
621 2073 739 2142 Angliae
758 2071 933 2135 universos,5
945 2070 1023 2141 quod
1042 2073 1076 2135 si,
1097 2072 1259 2141 instigante
1278 2073 1443 2128 sinin-140.

316 2165 363 2213 tro
387 2158 502 2230 spiritu,
522 2156 671 2227 praedictis
699 2162 892 2226 presumeret
916 2155 1076 2218 adversari,
1095 2157 1229 2209 omuibus
1255 2156 1369 2226 quibus

316 2247 438 2312 possent
455 2240 550 2295 modis
575 2244 714 2309 cogerent
732 2239 867 2294 fidelitati
886 2238 1037 2294 inclinare.
1075 2238 1149 2292 Indo
1167 2240 1310 2311 praeccpit
1335 2241 1370 2295 in

319 2366 327 2379 .
347 2365 356 2380 .
376 2365 384 2379 .
404 2323 555 2395 spoliatis;
576 2323 627 2376 scd
640 2323 768 2393 qualiter
779 2323 1019 2386 restituebantur,
1034 2322 1115 2377 novit
1127 2321 1218 2387 Deus,
1232 2325 1370 2379 omnium

318 2408 453 2463 conscius
481 2413 670 2462 secretorum.
709 2406 855 2461 Continuo
882 2425 952 2462 vero
972 2448 1094 2462 .....
1114 2408 1233 2476 negotia
1255 2414 1370 2464 tracta·

318 2498 430 2546 rentur.
468 2489 531 2558 Quo
558 2490 643 2553 facto,
662 2490 744 2543 venit
761 2490 872 2544 ibidem
898 2491 1025 2546 militum
1053 2490 1212 2545 multitudo
1236 2493 1368 2562 copiosa,

319 2576 367 2630 cui
385 2574 561 2645 promiserat
588 2573 618 2627 in
643 2573 777 2627 omnibus
802 2575 977 2629 necessariis
1003 2574 1158 2629 efficaciter
1174 2576 1368 2646 patrocinari.

148 2663 292 2729 Hisuoops
319 2659 391 2728 Qum
410 2658 522 2713 tamdiu
550 2658 659 2712 ibidem
685 2658 857 2728 expectabat
874 2659 1054 2713 voluntatem
1080 2659 1135 2713 hoc
1157 2659 1300 2729 jubentis,
1319 2668 1368 2724 ut,

148 2733 267 2782 “imm
319 2743 398 2798 omui
427 2742 551 2813 pecunia
575 2758 675 2796 corum
698 2741 762 2811 jam
787 2743 925 2813 exposita,
956 2760 1044 2813 equos
1072 2750 1102 2797 et
1129 2761 1210 2797 arma
1237 2744 1367 2798 vendere

147 2813 303 2915 ffimffiy
321 2828 517 2898 cogebantur3
537 2827 614 2880 unde
635 2843 702 2880 enm
721 2829 806 2896 sequi
818 2827 1010 2897 nequiverant
1029 2827 1080 2896 qui
1097 2827 1180 2896 prius
1194 2833 1366 2896 potnerunt,

149 2903 290 2984 hem,
319 2912 377 2967 nisi
395 2913 431 2966 de
450 2911 520 2966 fisco
538 2911 611 2982 ipsis
629 2928 681 2964 rex
700 2910 846 2981 stipendia
867 2912 1034 2965 necessaria
1052 2912 1241 2966 ministraret.
1281 2911 1368 2980 Quod

148 2999 389 3064 telinglendcum
407 3013 458 3049 rex
477 2996 573 3050 facere
600 3000 760 3058 recusaret,
783 2995 902 3049 iratus.
923 3035 929 3047 .
950 3035 957 3047 .
978 3035 984 3046 .
1008 2996 1146 3049 reversis.
1189 2994 1274 3049 Unde
1296 3014 1366 3050 cum
1379 3013 1444 3064 md,
1456 3013 1484 3064 fl,

320 3098 385 3136 sese
409 3085 542 3135 cerneret
561 3079 604 3133 sic
625 3078 809 3143 derelictum,
831 3078 867 3132 ad
891 3078 1031 3148 Angliam
1056 3079 1206 3132 remcavit.
1243 3078 1364 3134 Denun-
1381 3086 1437 3133 141.

319 3166 429 3220 ciatum
455 3171 501 3218 est
518 3162 750 3226 vicecomitibus,
771 3162 933 3217 forestariis
960 3168 990 3214 et
1015 3161 1080 3215 aliis
1106 3163 1186 3232 regis
1206 3163 1364 3229 ministris,

151 3248 244 3299 Orders
319 3254 361 3311 nt,
381 3248 460 3302 omni
478 3264 549 3317 pace
567 3263 714 3310 concessa,
734 3245 808 3299 nihil
836 3249 1009 3315 attemptcnt
1027 3245 1265 3314 perturbationis,
1286 3247 1367 3302 sicut

150 3315 227 3379 given
239 3316 279 3365 f⁰¹
320 3332 414 3386 facere
433 3336 659 3394 consueverant3
687 3336 717 3382 et
734 3329 798 3392 hoc,
818 3329 911 3384 invito
928 3329 975 3382 vel
1002 3329 1100 3382 nescio
1118 3348 1198 3399 rege,
1218 3347 1271 3400 per
1290 3330 1367 3384 Can·

150 3382 287 3499 ffigebfffr'
319 3415 497 3471 tuaricnsem
525 3414 776 3484 archiepiscopum
803 3419 833 3466 et
860 3410 1064 3481 G[ausridum]
1088 3410 1308 3484 filium-P[ctri]
1335 3420 1366 3468 et

151 3513 273 3566 thelaws.
319 3504 393 3558 alios
418 3504 504 3574 regni
522 3501 667 3557 custodes.
706 3500 789 3568 Quod
816 3519 882 3554 cum
909 3501 974 3570 regi
1001 3501 1183 3565 innotuisset,
1204 3502 1366 3573 objurgans

318 3587 408 3658 coepit
428 3586 571 3657 poenitere
599 3583 676 3655 quod
703 3602 833 3654 unquam
858 3585 923 3653 paci
951 3586 1145 3650 consenserit3
1171 3591 1210 3648 et,
1236 3587 1365 3656 repulsis

319 3672 380 3726 suis
398 3670 581 3726 naturalibus
599 3667 766 3732 baronibus
787 3666 917 3721 consiliis
945 3667 1176 3738 alienigenarum
1203 3680 1232 3724 et
1250 3671 1365 3740 spurio·

152 3761 223 3814 John
234 3778 295 3827 goes
318 3773 394 3817 rum,
415 3755 460 3808 ira
477 3771 629 3808 successus
648 3751 788 3804 rediviva.
828 3751 1014 3821 Juravitque,
1035 3752 1113 3822 quod
1134 3759 1254 3825 propter
1272 3772 1366 3808 unum

152 3835 260 3880 tow&
320 3837 525 3907 clarigastrum
536 3835 897 3890 noncmitterethomines
917 3853 984 3890 suos
997 3836 1141 3891 edomare.
1170 3837 1367 3909 Indcraptim

150 3897 196 4013 ξιξ
206 3898 307 4015 ms
320 3943 352 3980 se
370 3926 494 3981 contulit
508 3944 612 3980 versus
630 3929 738 3994 partes,
753 3924 882 3978 nescitur
894 3924 932 3977 ad
944 3924 1023 3994 quid,
1038 3926 1233 3995 aquilonares.
1271 3926 1368 3995 Quem

150 4038 177 4082 ω
191 4031 306 4083 Longon,
319 4009 451 4065 modesto
477 4027 655 4081 prosequens
683 4008 928 4079 archiepiscopus,
954 4009 1004 4062 rix
1029 4027 1132 4079 regem
1159 4009 1367 4068 blandimentis

320 4095 408 4151 simul
436 4099 466 4147 et
492 4092 763 4147 comminationibus
790 4109 921 4155 remeare
940 4092 1011 4147 fecit
1028 4093 1216 4148 Londoniam.
1254 4095 1368 4150 Eodem

323 4227 497 4237 .-----
524 4227 689 4234 .-.----
942 4228 1072 4233 -...--
1298 4229 1365 4237 ,-

353 4299 361 4330 ¹
380 4298 453 4351 Ouid.
466 4298 512 4361 Ep.
524 4314 556 4347 cx
568 4299 659 4353 Ponto,
669 4296 710 4346 lib.
721 4296 735 4345 i.
746 4304 770 4357 3,
783 4303 819 4348 lo.
901 4299 909 4329 ³
928 4301 1064 4363 urtircrsos]
1079 4300 1106 4348 A
1114 4302 1174 4349 verb
1183 4301 1205 4350 is
1216 4301 1276 4350 here
1287 4310 1369 4352 want-

353 4378 363 4410 2
380 4378 439 4442 que]
460 4376 582 4440 Supplied
593 4374 659 4424 from
670 4374 820 4439 Hirttlnpl.
866 4377 918 4442 ing,
931 4380 975 4426 but
992 4379 1035 4428 thc
1049 4379 1118 4429 Ilist.
1131 4379 1204 4443 Auel.
1223 4381 1316 4431 affords
1334 4399 1368 4430 no

352 4460 363 4490 ³
381 4468 403 4509 ct
414 4456 513 4522 ibidem]
534 4456 574 4507 On
586 4472 619 4505 an
631 4471 738 4506 erasure.
867 4457 1006 4507 assistance.
1043 4458 1154 4522 Perhaps
1174 4476 1211 4509 we
1231 4476 1289 4523 may
1307 4477 1367 4526 sup=

352 4541 361 4571 ⁴
381 4537 562 4603 transfretavit]
582 4535 819 4586 Thisisamistuke.
866 4538 1025 4601 plyjurorrt

321 4619 359 4671 Cf.
373 4618 439 4667 Hirt.
452 4617 522 4680 Auel.
