3060 5468
313 683 378 747 214
393 695 560 746 narrum
581 695 795 746 mmsmusrs
817 693 1049 745 rnnnnvmno
1071 692 1334 745 onnourconmr.

145 875 300 926 EarlJohn's
312 868 421 922 hannes
440 883 545 929 comes,
565 867 656 921 frater
673 868 754 938 regis
779 866 907 931 Ricardi,
934 867 1041 923 multas
1059 867 1091 922 in
1108 865 1220 937 Angla
1236 882 1358 937 occupa·

146 942 280 993 trssiwmlffl
312 952 356 1005 vit
382 951 567 1014 munitiones,
594 950 748 1021 soedusque
770 968 837 1004 cum
855 949 942 1022 rege¹
962 952 1141 1006 Francorum
1158 949 1235 1005 iniit.
1274 948 1358 1005 Dice·

146 1019 278 1126 ffimptsd
312 1035 459 1090 batonim
485 1035 649 1106 perieulum
675 1053 739 1090 esse
764 1052 914 1105 magnum,
940 1054 1065 1104 regnum
1092 1051 1176 1089 omne
1204 1050 1271 1090 esse
1296 1034 1358 1089 sins

198 1086 286 1127 Μ’
313 1139 394 1192 rege,
414 1122 492 1177 sicut
508 1139 613 1176 navem
632 1140 696 1176 esse
715 1122 777 1176 sine
790 1122 996 1192 gubernaculo.
1036 1120 1094 1177 Sed
1106 1122 1273 1192 Anglorum
1291 1120 1358 1175 ilde·

313 1206 392 1271 litas,
419 1206 490 1260 lieet
516 1205 789 1276 depauperatorum,
818 1207 846 1261 ei
876 1207 907 1259 in
936 1206 1041 1260 faciem
1066 1205 1252 1260 contradixit.
1298 1203 1358 1259 Rex

145 1288 306 1340 Invulonof
315 1291 495 1345 Francorum
520 1290 575 1352 sui,
606 1289 683 1358 quod
710 1290 828 1355 fecerat,
857 1290 1010 1344 immemor
1036 1290 1198 1360 juramenti
1224 1294 1255 1344 et
1280 1286 1356 1353 fidei,

146 1357 294 1448 N⁰¹¹J¹l¹ldl
314 1374 524 1429 Normanniam
542 1372 690 1427 hostiliter
708 1373 830 1438 invadit,
850 1379 880 1428 et
896 1372 1014 1427 tandem
1039 1373 1257 1443 Rothomagum
1278 1384 1358 1428 onon·

147 1425 182 1488 by
193 1422 285 1487 ΜΨ
314 1465 421 1529 passot,
442 1458 499 1512 nisi
518 1457 649 1512 fidelium
667 1457 942 1527 1egisang10rum²
959 1458 1083 1513 retroire
1101 1463 1266 1527 cogeretur.
1298 1456 1359 1511 Rex

315 1543 493 1597 Francorum
528 1582 535 1596 .
567 1580 573 1596 .
603 1580 610 1595 .
636 1541 848 1611 Ingelbnrgam
886 1543 999 1612 accepit
1025 1542 1056 1596 in
1082 1559 1212 1618 uxorem.
1267 1531 1460 1611 Qumiltiditl

315 1628 383 1683 ilice
408 1627 575 1699 repudians,
602 1627 724 1680 reclusit
748 1627 824 1680 inter
849 1626 1091 1691 sanctimoniales,
1120 1626 1276 1697 Dacosqne
1295 1666 1303 1681 .
1322 1664 1357 1681 ..

147 1714 248 1764 Hubert
315 1713 485 1783 repatriare.
522 1710 675 1765 Hubertus
694 1709 835 1764 Waltcri³
852 1710 883 1763 in
902 1710 1151 1780 arehiepiscopum
1171 1709 1358 1765 cantuarien-

147 1780 246 1831 Walter
315 1815 377 1851 sem
401 1801 600 1867 promovetur,
621 1794 673 1864 qui
691 1794 845 1866 opiscopus
872 1796 969 1849 fuerat
988 1794 1224 1850 Saresbiricnsis.
1268 1793 1359 1866 Cujus

147 1847 288 1964 3⁸&ssss
314 1881 467 1936 industriae
494 1880 584 1935 totius
605 1919 611 1933 .
633 1918 640 1932 .
662 1920 668 1932 .
690 1878 913 1934 administratio.
964 1880 1022 1934 Hic
1050 1896 1167 1950 quoqne
1193 1879 1360 1935 ambitiosas

148 1982 220 2046 bury.
316 2006 323 2021 ·
346 2008 352 2020 .
375 2008 381 2021 .
402 1972 536 2037 potenter
554 1965 731 2020 refraenavit.

148 2138 260 2189 Richnrd
352 2142 545 2188 u⁰.c‘.xcn11⁰.
584 2134 646 2188 Rex
667 2133 821 2199 Ricardus,
838 2134 901 2204 jam
928 2134 1055 2188 maxima
1073 2152 1133 2188 suae
1153 2132 1363 2206 redemptioni!

150 2210 287 2289 'fillum
316 2225 401 2290 parte
421 2218 527 2283 soluta,
548 2219 698 2273 obsidibus
718 2218 794 2274 datis
818 2237 872 2289 pro
890 2218 1017 2283 residuo,
1040 2218 1116 2272 liber
1139 2219 1304 2289 permissus
1322 2221 1363 2273 eat

151 2271 276 2337 ΜΕΝ·
316 2301 488 2373 repatriare.
544 2302 610 2370 Qui,
642 2308 737 2357 matre
768 2321 821 2357 sua
851 2301 1018 2372 A[lienora]
1050 2303 1217 2368 eomitante,
1249 2303 1363 2358 beatm

317 2387 458 2441 Thomam
470 2387 592 2441 dovotus
605 2388 714 2449 adiens,
736 2387 846 2456 gratias
865 2387 928 2440 Deo
947 2394 976 2442 et
994 2387 1107 2441 martiri
1126 2388 1189 2458 egit
1208 2387 1246 2443 de
1263 2388 1363 2442 liberr-

318 2472 397 2526 tione
417 2488 478 2525 sua.
516 2470 627 2525 Fuerat
654 2471 732 2524 enim
758 2478 884 2541 tempure,
912 2489 970 2541 quo
995 2471 1120 2526 credidit
1144 2472 1176 2526 in
1201 2472 1298 2528 frusta
1314 2489 1363 2543 pro

320 2554 438 2625 injuria,
460 2571 547 2624 quam
566 2554 634 2609 duci
652 2554 781 2608 Austrioe
806 2572 990 2625 praepropere
1008 2556 1039 2609 in
1057 2556 1149 2610 Terra
1168 2555 1278 2612 Sancta
1295 2556 1365 2612 feee-

319 2654 375 2702 rat,
396 2638 573 2692 detruncari.
622 2637 735 2692 Deinde
760 2638 923 2692 Londonias
941 2641 1071 2704 veniens,
1092 2640 1236 2711 solempni
1254 2658 1366 2712 prooes-

152 2725 227 2789 Siege
239 2722 268 2772 of
319 2722 400 2777 sione
419 2728 554 2792 receptus
573 2726 625 2777 est.
664 2722 795 2792 Indeque
813 2722 1013 2791 Notingham⁴
1025 2724 1210 2794 properabat,
1231 2722 1299 2779 eos⁵
1317 2721 1365 2795 qui

152 2791 270 2857 Νῡῐῑῑῦἕ·
318 2811 414 2861 castro
440 2811 523 2860 erant
552 2812 781 2876 expugnaturus.
817 2805 929 2860 Inclusi
959 2812 1066 2872 autem,
1096 2806 1312 2878 perpendentes
1335 2824 1364 2863 se
1400 2802 1403 2813 '

223 2873 265 2907 ⁰⁸⁸
287 2872 308 2907 ⁰⁰
321 2887 403 2961 [non]
414 2886 424 2918 ⁰
436 2908 521 2960 posse
533 2890 682 2954 resistere,
703 2909 733 2945 se
751 2890 816 2961 rogi
835 2896 1093 2961 praesentaverunt,
1115 2911 1188 2962 quos
1208 2891 1365 2947 secundum

320 2974 426 3029 merita
449 2975 580 3044 graviter
610 2974 733 3044 punivit.
783 2975 865 3028 Inter
895 2992 995 3042 regem
1031 2980 1128 3029 aretem
1165 2980 1196 3030 et
1232 2976 1365 3031 comitem

320 3057 340 3112 J
342 3055 522 3127 [ohamrem],
544 3058 607 3127 jam
634 3058 831 3122 humiliatum,
857 3058 1098 3112 intermeantibus
1117 3060 1231 3125 amicis,
1251 3077 1308 3132 pax
1324 3063 1366 3114 eat

156 3157 279 3207 pmed.
319 3142 486 3196 reformata.
525 3142 604 3197 Tune
632 3146 728 3196 utitem
753 3143 892 3213 temperis
911 3160 960 3197 rex
980 3142 1123 3197 Ricardus
1149 3144 1274 3199 audiens
1294 3138 1366 3216 qnod

156 3224 214 3287 ingr
225 3224 252 3272 in
321 3244 372 3279 rex
391 3225 570 3280 Francorum
582 3226 764 3291 Vernalium,
786 3227 913 3281 subactis
932 3227 1079 3297 aliquibus
1098 3228 1165 3282 aliis
1184 3227 1302 3294 castris,
1320 3226 1365 3282 ob·

156 3290 435 3363 N⁰¹¹¹¹¹¹¹¹d>²sidi0no
460 3310 608 3374 vallasset,
635 3311 705 3365 illuc
731 3312 842 3366 concito
861 3310 1029 3364 advolavit.⁷
1067 3311 1174 3366 Franci
1192 3319 1303 3377 autem,
1322 3329 1368 3366 no·

322 3393 415 3447 leutos
441 3394 531 3449 dubia
557 3395 662 3448 Martis
690 3396 749 3449 lata
776 3396 911 3465 experiri,
941 3394 977 3448 ab
1003 3395 1153 3449 obsidione
1172 3403 1365 3452 recesserunt.

159 3486 275 3548 llerbert,
322 3476 495 3535 Herbcrtus.
517 3485 708 3549 cognomento
735 3479 860 3549 Pauper,
890 3479 923 3532 fit
948 3478 1101 3549 episeopus
1129 3480 1366 3535 Saresbiriensis.

159 3552 241 3633 llll-ps
322 3560 384 3613 Rex
411 3562 555 3617 llieurdas
581 3572 710 3616 castrum
735 3563 771 3616 do
798 3563 912 3617 Luchcs
940 3563 1026 3632 oepit.
1065 3562 1215 3634 Venitque
1242 3570 1314 3620 nmo
1340 3563 1369 3618 in

163 3620 299 3683 mim·
323 3645 463 3699 rirtxilium
483 3647 614 3715 ejusdem
633 3646 713 3717 regis
732 3644 879 3716 R[icardi]
899 3646 976 3700 filius
995 3647 1075 3717 regis
1093 3646 1242 3713 Nuvariae,
1263 3646 1390 3703 exerci·'

324 3736 385 3781 tum
405 3730 513 3784 ducens
533 3731 691 3800 copiosum,
712 3748 779 3784 cum
798 3730 984 3799 quingentis⁸
996 3731 1165 3785 balistariis.
1205 3732 1271 3786 Rex
1283 3733 1371 3787 Fran·

325 3830 425 3865 eoram
440 3813 604 3885 Philippus,
626 3813 697 3867 firres
724 3814 858 3867 Timonite
882 3814 1045 3879 devastans,
1065 3814 1106 3868 ibi
1125 3820 1209 3870 tutus
1227 3816 1295 3872 fixit
1310 3822 1371 3871 ten·

325 3896 415 3957 toriae
437 3896 487 3949 sed
506 3915 572 3951 eum
591 3897 793 3966 cognovissot⁹
805 3915 906 3967 regem
918 3898 1078 3952 Ricardum
1097 3899 1128 3952 in
1146 3899 1247 3954 surore
1265 3918 1372 3973 magno

1191 4057 1250 4063 ....-
1254 4057 1376 4065 -——--

360 4156 451 4220 ¹rrpe]
471 4156 508 4204 At
519 4156 573 4205 first
585 4156 682 4205 written
695 4157 820 4220 replebat
845 4178 847 4187 =
900 4157 979 4221 ⁵0⁰⁸]
1000 4173 1066 4217 auos,
1077 4158 1133 4209 MS.
1168 4159 1208 4210 Cf.
1220 4160 1372 4227 Hirtdapl

327 4238 349 4284 ir
359 4236 453 4289 emsed,
465 4237 514 4284 and
526 4251 589 4284 corr.
603 4236 628 4283 in
641 4250 718 4299 marg.
845 4282 848 4311 Ι
901 4235 911 4265 ⁶
929 4237 987 4301 ιηιη]
1009 4237 1119 4287 Omitted
1130 4237 1156 4285 in
1169 4236 1228 4289 MS.

359 4316 370 4347 “-“
387 4314 531 4380 Arelatem]
552 4318 593 4365 On
611 4330 643 4363 nn
655 4330 762 4375 erasure,
775 4317 824 4363 aad
902 4315 912 4351 ·”
929 4314 1065 4381 adamar]
1085 4317 1206 4377 avolarit,
1218 4318 1276 4369 MS.

325 4413 353 4447 so
372 4410 434 4445 corr.
452 4396 478 4443 in
498 4409 576 4457 nrnrp.
614 4392 639 4441 Λ
659 4410 725 4443 nean
746 4409 824 4443 arenis
901 4395 1077 4461 εἰιμιιὶιρειετήε]
1097 4396 1290 4463 quinquaginta,
1302 4398 1372 4450 Hiar.

326 4473 824 4539 heretobewanting,perhapsprobirntr.
846 4482 849 4523 l
871 4474 942 4538 :lael
955 4475 981 4524 ii.
995 4481 1033 4524 49.

360 4554 504 4619 stares]
524 4554 659 4605 evitans.
671 4554 726 4603 ars.
846 4538 849 4631 j
903 4556 912 4582 ··
930 4555 1092 4618 refraenet]
1112 4556 1301 4621 magnates,
1313 4560 1373 4611 ns.

364 4637 372 4669 ⁴
390 4635 553 4701 Notinpdum]
570 4632 715 4697 Nerienem,
726 4632 783 4682 MS.
