3060 5468
316 724 363 777 na
384 722 544 777 maresa
565 726 665 776 areis
687 725 832 775 nesarci
855 726 978 774 raarrr.
1110 704 1173 772 265

129 897 275 953 inviderat
291 905 322 953 et
340 899 463 954 infestus
482 898 584 962 odivit,
598 898 749 969 respondit
760 899 878 954 domino
886 897 965 968 regi,
986 901 1004 924 ‘⁶
1020 896 1052 952 Si
1064 911 1176 967 pauper
1189 903 1256 954 nl).
1271 908 1342 952 1232.

129 999 170 1045 es,
190 983 243 1037 tibi
263 990 293 1037 et
310 995 369 1039 tua)
394 985 521 1054 imputes
550 983 740 1054 simplicitati,
761 984 811 1054 qui
831 983 964 1047 honores,
985 980 1129 1036 custodias
1147 987 1177 1035 et

129 1065 288 1135 dignitates
312 1075 449 1123 vacantes
479 1067 522 1124 ita
541 1068 683 1123 transfers
708 1066 745 1121 ad
766 1067 848 1132 alios,
872 1074 903 1122 et
926 1085 944 1122 a
961 1065 1031 1121 fiseo
1054 1064 1174 1129 alienas,

129 1150 207 1218 qrrod
222 1169 280 1204 non
300 1151 332 1205 in
350 1152 462 1206 divitiis
483 1171 516 1207 ac
537 1152 711 1215 reverentia,
731 1151 784 1206 sed
805 1151 868 1207 solo
887 1150 1004 1206 nomine
1025 1149 1176 1205 umbratili

129 1252 180 1288 rex
204 1235 252 1289 vel
277 1237 365 1290 etiam
390 1237 512 1307 regulus
537 1236 644 1291 debeas
669 1235 820 1307 appellari.
859 1235 938 1291 Hine
962 1232 1025 1291 est¹
1049 1234 1176 1289 confines

131 1317 184 1374 tibi
203 1319 311 1385 hoster,
332 1321 447 1376 scilicet
465 1321 509 1376 tui
528 1321 665 1385 ministri,
679 1320 837 1375 formidant
853 1338 958 1375 nomen
976 1319 1091 1375 tunm.”
1128 1318 1177 1374 sio

131 1402 279 1473 sicigitur
297 1423 349 1458 rex
366 1405 537 1469 instructus,
554 1405 634 1477 cepit
651 1404 688 1459 ab
705 1404 763 1459 hiis
777 1403 827 1476 qui
840 1404 1042 1460 abundabaut²
1059 1403 1178 1458 ballivis

130 1486 265 1556 plurimis
295 1489 448 1559 pecuniam
473 1489 606 1557 multam.
642 1489 682 1543 Et
709 1505 776 1542 cum
805 1487 843 1542 ad
868 1489 924 1544 hoc
951 1487 1117 1560 specialiter
1141 1487 1178 1542 ab
1190 1477 1273 1541 Ball)h
1283 1476 1307 1527 ¹0

130 1570 266 1642 episcopo
284 1572 478 1628 Wintcniensi
496 1591 548 1627 rex
566 1572 778 1636 stimularetur,
792 1589 969 1642 cognoscens
991 1571 1178 1643 Ranulphum
1190 1544 1307 1660 {3032va

131 1655 292 1720 Britonem,
322 1674 408 1727 quern
424 1656 611 1726 justiciarius
639 1661 827 1727 promoverat
856 1662 887 1712 et
911 1654 1014 1710 multis
1035 1655 1180 1711 ditaverat
1190 1677 1255 1727 stom
1266 1677 1307 1727 his

131 1740 301 1806 honoribus,
322 1747 352 1795 ct
379 1759 502 1797 camerac
526 1741 638 1813 regalis
664 1740 880 1795 thesaurarium
906 1739 1107 1804 constituerat,
1130 1740 1268 1794 deoffice.

132 1825 233 1894 posuit
250 1824 287 1878 ab
306 1824 416 1890 officio;
446 1830 476 1879 et
501 1831 568 1895 post
594 1824 719 1878 multam
744 1821 975 1877 familiaritatem
998 1823 1030 1877 in
1054 1824 1178 1878 multam

133 1907 279 1979 repellens
309 1908 512 1978 ignominiam,
544 1907 624 1979 cepit
646 1907 683 1962 ab
710 1906 762 1960 illo
788 1905 871 1960 mille
896 1923 1018 1962 marcas.
1056 1907 1096 1962 Et
1124 1907 1179 1963 hoc
1192 1903 1246 1980 '1:¹¹⁹
1254 1901 1328 1966 ludl-

132 1992 355 2046 machinabatur
379 1992 535 2063 episcopus
560 1992 592 2045 in
616 1990 715 2045 odium
741 1988 870 2044 Huberti
884 1989 1060 2060 justiciarii3
1090 1985 1259 2086 <mammy
1271 1969 1326 2018 Hu'

133 2076 212 2132 idem
230 2077 383 2134 Hubertus
403 2082 554 2133 creaverat
578 2083 608 2133 et
631 2076 743 2131 dilexit.
781 2074 893 2132 Videris
911 2075 1005 2148 igitur
1023 2077 1178 2149 episcopus
1191 2052 1308 2167 dgpowg

134 2161 261 2232 quodie
283 2162 342 2217 hiis
367 2161 498 2217 consiliis
524 2161 590 2232 regi
617 2159 866 2232 quamplurimum
893 2160 1060 2232 placuisset,
1081 2161 1179 2233 ipsum
1191 2172 1239 2220 and
1251 2169 1290 2220 his

134 2245 346 2317 locupletando,
367 2245 520 2317 suggessit
537 2246 612 2315 regi,
633 2245 703 2316 quia
726 2243 763 2298 ad
785 2243 840 2299 hoe
859 2243 992 2299 sitienter
1010 2245 1179 2310 anhelavit,³
1191 2243 1317 2315 ²0⁰⁰P¹l>l⁵

133 2335 170 2383 ut
197 2330 329 2401 exigeret
359 2329 395 2384 ab
421 2348 455 2384 eo
482 2329 668 2385 ratiocinium
698 2328 833 2384 strictum
860 2327 895 2382 de
921 2328 1059 2384 thesauro
1084 2330 1177 2401 regio,
1191 2305 1314 2368 ’ΨΜ

135 2431 222 2484 quem
240 2432 293 2483 pro
305 2413 453 2469 voluntate
473 2419 659 2478 tractaverat,
674 2430 707 2466 eo
726 2412 808 2483 prius
821 2411 953 2482 deposito
971 2430 989 2467 a
1002 2412 1177 2484 justiciaria.

135 2497 217 2565 Quod
248 2503 277 2552 et
306 2499 414 2553 factum
445 2504 499 2553 est.
549 2496 596 2552 Ad
626 2497 680 2552 hoc
710 2496 861 2568 respondit
885 2496 1037 2553 Hubertus
1064 2498 1181 2554 domino

135 2582 209 2652 regi,
231 2582 308 2652 quod
336 2581 428 2653 patris
455 2583 501 2637 sui
528 2582 609 2652 regis
638 2582 657 2636 J
660 2578 808 2651 [ohannis]
837 2580 940 2637 habuit
965 2589 1085 2649 cartam,
1115 2602 1180 2654 quae

135 2667 231 2738 ipsum
250 2666 375 2721 absolvit
392 2667 428 2720 ab
447 2667 526 2721 omni
544 2666 697 2721 ratiocinio
716 2666 752 2719 de
775 2665 864 2719 rebus
882 2666 1017 2721 omnibus
1035 2668 1181 2738 perceptis

136 2756 166 2805 ct
186 2750 381 2820 percipiendis
407 2750 444 2803 ad
470 2768 595 2819 regnum
621 2749 844 2820 pertinentibus,
866 2750 1012 2805 thesauris
1040 2758 1070 2805 et
1094 2752 1182 2806 rebus

135 2833 211 2887 aliis.
250 2832 306 2900 Qui
325 2833 431 2887 totiens
445 2832 509 2902 ejus
522 2832 695 2886 fidelitatem
706 2831 910 2897 indubitatam,
931 2839 965 2887 ut
982 2834 1118 2898 asseruit,
1139 2841 1184 2890 cst

135 2924 283 2987 expertus.
321 2916 368 2969 Ad
395 2916 458 2970 lraec
484 2917 601 2979 Petrus,
632 2919 651 2941 ‘⁶
666 2915 747 2970 Talis
773 2921 854 2969 carta
877 2921 944 2986 post
962 2916 1073 2972 obitum
1100 2919 1181 2988 regis

135 3001 154 3055 J
158 2997 306 3069 [ohannis]
328 2999 442 3053 nullum
466 3000 584 3068 penitus
608 2999 696 3054 habet
719 3000 809 3053 robur
833 3003 885 3053 aut
901 3000 1064 3069 vigorem.'’
1100 3001 1346 3057 'PuncDefenceof

135 3083 312 3138 Laurentius
339 3083 374 3136 de
402 3083 509 3137 Sancto
536 3082 660 3148 Albano,
687 3083 815 3137 Huberti
844 3083 967 3138 clericus
996 3085 1131 3156 specialis
1153 3094 1182 3142 et
1195 3073 1338 3136 Hubfflbf

135 3166 331 3230 consiliarius,
352 3167 402 3230 ait,
425 3166 496 3222 “Si
514 3167 758 3223 deminus-meus
786 3167 938 3223 Hubertus
964 3176 1074 3224 cartam
1093 3171 1182 3226 talem
1194 3140 1323 3255 Lsagrenoe

135 3270 189 3322 pro
216 3250 375 3304 benefactis
407 3251 468 3305 suis
499 3256 569 3307 truie
589 3250 720 3321 expletis
740 3250 925 3322 optinuisset,
953 3259 1060 3323 quanto
1085 3257 1181 3327 magis
1194 3214 1307 3323 Ἅιῂὲᾗῃ

136 3335 242 3390 debet⁴
261 3335 396 3388 dominus
416 3353 466 3389 rex
484 3335 641 3392 modernus
661 3353 725 3390 esse
750 3336 778 3390 ei
801 3342 905 3407 gratus
923 3343 954 3392 et
971 3338 1133 3405 benivolus,
1148 3349 1184 3398 ot

136 3438 204 3473 eum
238 3419 444 3473 fidelissimum
477 3425 626 3490 reputare.
676 3419 710 3474 Si
740 3419 819 3473 enim
849 3420 939 3475 sciret
967 3420 1102 3478 dominus
1131 3444 1183 3480 rex

137 3509 246 3573 (suante
272 3502 380 3572 optulit
407 3503 581 3562 Ludosisus
606 3503 724 3557 domino
750 3521 815 3559 meo
844 3505 980 3560 Huberto
1004 3507 1123 3563 obsesso
1153 3511 1184 3564 in

137 3595 233 3642 castro
252 3586 409 3652 Doveriae‚⁵
427 3594 461 3642 ut
487 3586 562 3641 illud
579 3587 636 3642 sibi
662 3587 808 3653 redderet,
828 3595 858 3643 ct
878 3589 978 3645 noluit
1000 3591 1062 3647 ullo
1087 3594 1182 3659 modo,

138 3672 232 3725 sciens
252 3672 329 3741 (laod
348 3671 423 3726 illud
440 3673 537 3727 esset⁶
555 3672 793 3743 clavisAnglioe,
813 3679 844 3728 et
861 3673 886 3728 si
905 3674 980 3728 illud
997 3676 1182 3747 optinuisset,

137 3761 230 3809 totum
247 3774 372 3826 regnum
400 3756 504 3809 leviter
529 3756 559 3809 in
587 3755 651 3825 ejus
677 3755 794 3811 cederet
821 3756 990 3825 dominium,
1010 3767 1090 3817 certe
1108 3763 1184 3817 dicc-

137 3840 208 3895 retis
227 3858 337 3905 omnes,
359 3839 437 3909 quod
464 3840 654 3894 fidelissimus
682 3841 747 3911 regi
773 3848 861 3906 esset,
881 3843 1067 3915 immoquod
1090 3852 1185 3902 totum

137 3942 262 3993 regnum
299 3921 381 3995 ipscl
413 3924 442 3977 in
482 3924 608 3977 solidum
648 3925 835 3980 restituisset.
893 3928 951 3983 Sed
981 3930 1034 3985 hoc
1071 3949 1183 4002 parurn.
1265 3999 1268 4002 y

139 4008 259 4075 Quando
284 4009 455 4079 surpervenit
480 4008 601 4062 Francis
629 4009 732 4063 auxilii
758 4028 916 4068 succursus
943 4015 1184 4086 immanissimus,

138 4091 325 4162 ipsocorpus
352 4111 437 4146 suurn
466 4092 588 4146 tumidis
614 4094 705 4148 maris
732 4096 819 4151 undis
839 4104 868 4152 et
885 4100 983 4153 navali
1002 4101 1079 4157 bello
1098 4106 1186 4160 intre·

173 4283 266 4332 1Ηὶηε
286 4284 334 4348 ese]
356 4283 403 4331 We
426 4283 514 4332 should
537 4284 641 4347 perhaps
663 4308 664 4318 ι
719 4285 828 4352 ⁴riclam]
856 4291 980 4353 ltepeated
1003 4296 1185 4363 superfluously

140 4365 230 4428 supply
248 4361 311 4426 qired
333 4363 397 4420 here,
418 4363 467 4410 and
490 4379 536 4410 non
556 4363 641 4412 before
684 4363 748 4414 after
758 4367 889 4419 eradamus.

131 4443 279 4507 sornrirlant.
313 4441 447 4492 TheHist.
460 4439 531 4507 Angl.
549 4442 640 4492 affords
719 4444 877 4512 ὃΙὶουιννίιε]
911 4449 1015 4510 Dovrie,
1044 4453 1109 4513 MS,
1137 4457 1186 4504 and

139 4539 172 4572 no
184 4522 324 4572 assistance.
684 4533 748 4574 certe
759 4528 844 4575 erased
856 4529 919 4577 atter
931 4529 957 4579 it.

174 4601 183 4632 ³
200 4600 370 4665 aberrdabant]
391 4600 574 4662 habundabant,
582 4601 638 4652 MS.
717 4604 727 4634 ⁶
744 4605 820 4669 esset]
840 4621 902 4666 esse,
914 4608 970 4658 MS.

175 4681 185 4712 ³
203 4679 338 4744 anhelavit]
359 4679 494 4742 henderit,
505 4679 561 4730 MS.
715 4682 727 4720 7
743 4684 809 4749 gree]
828 4684 872 4748 ipi,
883 4685 939 4737 MS.
