3060 5468
318 721 360 792 46
444 702 611 790 immuni
634 735 848 788 rrarsmnsrs
871 735 1034 788 mercam
1056 737 1256 789 marcaon.

150 1035 367 1102 A.D.1249.Dc
389 1033 546 1100 munima
569 1033 778 1121 contricione,
802 1055 876 1121 qum
899 1034 1042 1120 contigit
1064 1033 1365 1102 Wintoniensibna

148 1229 256 1280 Praish·
361 1215 521 1304 Tempore
544 1221 656 1282 autem
686 1217 836 1281 instante
859 1216 1153 1304 Quadragesimali,
1177 1237 1253 1281 cum
1274 1217 1366 1303 apud

147 1298 303 1414 fflossssffi
315 1319 523 1385 Wintoniam
557 1316 670 1384 etinl
695 1317 900 1386 Wintoniae²
923 1321 1073 1408 partibus
1107 1342 1206 1407 supra
1227 1320 1366 1385 modum

148 1430 258 1480 otwin·
314 1423 459 1487 latrones
489 1421 796 1509 multiplicarentur,
821 1426 855 1486 et
878 1422 1044 1489 Henricus
1068 1422 1108 1488 de
1132 1423 1235 1501 Mara,
1262 1423 1366 1508 justi-

146 1498 435 1628 ξζξῗξῖἔξᾱοίαήυε
457 1526 628 1605 itinerans,
652 1530 688 1590 et
709 1525 789 1589 socii
819 1524 890 1610 ejus
918 1527 997 1591 illuc
1019 1526 1179 1592 destinati
1201 1527 1245 1590 ad
1266 1548 1366 1592 mun·

147 1630 286 1682 bourhooc.
315 1628 461 1693 dandum
484 1628 627 1715 patriam
642 1649 663 1692 a
684 1628 746 1692 tali
768 1632 867 1714 peste,
883 1651 952 1709 nec,
966 1636 1101 1715 propter
1115 1629 1366 1695 multitudinem

314 1733 483 1798 latronum
527 1732 571 1797 ad
613 1730 757 1796 invicem
795 1730 1102 1813 confoederatorum,
1140 1732 1366 1819 profecissent,

315 1836 455 1922 contigit
481 1834 570 1922 quod
592 1833 746 1899 dominus
783 1856 843 1899 rex
875 1834 954 1900 illuc
992 1832 1257 1916 adventamus?
1280 1857 1365 1922 prte-

313 1939 464 2004 mitteret
496 1939 578 2003 vina
611 1960 692 2017 sua3
723 1938 812 2025 quod
846 1959 921 2004 oum
954 1939 1141 2004 latronibus
1171 1938 1365 2005 memoratis

313 2043 521 2124 innotuisset,
544 2041 662 2128 positis
683 2041 823 2120 insidiis,
846 2042 958 2107 omnia
983 2047 1172 2130 rapuerunt,
1197 2047 1233 2108 et
1262 2042 1364 2109 duces

313 2169 351 2212 ae
381 2141 594 2212 veredarios⁴
616 2144 876 2210 vulneraverunt
901 2151 936 2211 et
969 2147 1201 2233 spoliaverunt,
1232 2146 1365 2211 cachin-

312 2248 423 2314 nando
445 2253 480 2314 et
503 2246 650 2324 dicende,
684 2268 760 2312 cum
794 2248 835 2311 de
857 2246 945 2311 vinis
977 2270 1080 2335 usque
1102 2249 1145 2314 ad
1167 2248 1364 2314 ebrietatem

311 2351 472 2428 biberent,
513 2348 662 2427 “Bibite,
702 2349 807 2428 amici,
842 2355 876 2415 et
907 2349 1120 2416 inebriamini
1153 2350 1364 2418 carissimi.’'⁶

312 2452 501 2538 Eodemque
533 2458 688 2538 tempore,
713 2452 778 2516 duo
813 2457 1010 2518 mercatores
1041 2454 1082 2519 de
1106 2455 1297 2532 Brebancia,
1319 2455 1363 2520 de

310 2557 461 2622 ducentis
483 2555 602 2621 marcia
624 2555 757 2641 spoliati
789 2555 826 2619 in
860 2555 982 2620 eisdem
1015 2557 1173 2643 partibus,
1197 2558 1363 2643 querimo-

310 2663 401 2726 niam
432 2680 530 2745 super
566 2663 634 2724 tam
666 2659 792 2723 enormi
822 2658 945 2744 injuria
977 2681 1088 2724 coram
1122 2660 1254 2725 domino
1285 2682 1362 2748 rege

309 2761 559 2830 lacrimabiliter
581 2783 619 2826 ac
642 2761 806 2827 clamose⁰
829 2769 1034 2848 reponentes,
1057 2764 1167 2850 ipsum
1190 2762 1361 2830 dominum

310 2888 420 2954 regem
458 2887 562 2952 usque
599 2864 642 2929 ad
672 2865 778 2930 cordis
816 2868 1073 2932 amaritudinem
1104 2873 1361 2935 commovenmt.

311 2971 410 3036 Dixit
444 2971 550 3057 igitur
580 2990 648 3049 reri,
683 2967 804 3049 “Quid
842 2969 949 3034 adhuc
987 2975 1223 3056 expectamus?
1275 2971 1360 3038 Ecce

305 3076 377 3162 jam
399 3072 582 3140 latronibus
605 3071 798 3137 invadimur
820 3072 1097 3158 multiplicatisl’'
1139 3074 1186 3139 Et
1207 3075 1303 3140 venit
1324 3077 1361 3141 in

310 3179 443 3268 propria
476 3198 614 3266 persona
643 3177 748 3241 iratus
778 3175 878 3240 nimis
902 3173 1116 3243 Wintoniam.
1163 3177 1217 3258 Et,
1240 3199 1361 3245 convo-

671 3364 1176 3372 *mm-m
1183 3366 1359 3374 ---—-——

311 3471 433 3522 liorritilir
453 3472 488 3520 nd
508 3470 593 3521 multos
614 3488 668 3521 crim
691 3472 815 3532 evenient,
856 3474 929 3522 latter
948 3479 1004 3537 part
1023 3472 1052 3522 of
1068 3473 1110 3522 the
1129 3488 1242 3537 passage,
1260 3489 1288 3524 as
1305 3491 1361 3526 cor-

311 3550 426 3601 niednllns
438 3551 575 3600 auditorum
588 3549 741 3615 pererrando
757 3566 814 3597 con·
855 3554 951 3602 rected:
987 3552 1091 3601 Fratres
1128 3560 1207 3601 antem
1244 3553 1360 3605 Minores

311 3641 351 3682 tro
359 3632 524 3681 Frettcricurn
533 3629 649 3680 hostiliter
658 3646 737 3678 omncs
746 3647 814 3678 crer-
856 3648 944 3696 corpus
956 3631 1075 3696 defuncti,
1087 3633 1147 3695 quin
1157 3639 1277 3694 carectum,
1290 3636 1358 3698 peti-

311 3715 375 3771 isset,
399 3712 449 3759 nisi
476 3713 545 3759 curin
574 3710 688 3759 llonrunn
714 3707 815 3757 maculis
856 3709 1109 3773 crunt,etlronorifiee
1122 3713 1359 3777 pcnereossepelie-

311 3792 421 3854 synonice
438 3797 462 3838 ct
480 3806 569 3850 nrnroe,
586 3796 612 3837 ct
627 3788 727 3836 aliorum
745 3788 816 3836 vitio·
856 3799 930 3849 rnnt,=
947 3798 971 3839 et
981 3791 1026 3839 loc
1039 3791 1062 3838 in
1076 3787 1177 3854 epistola
1189 3790 1313 3842 scribitur.

312 3887 364 3919 rum
375 3869 581 3932 coinquinaretur.
608 3867 661 3916 Sed
670 3866 716 3916 lieu
727 3872 736 3916 i
753 3865 797 3915 lacu
806 3873 817 3917 !

405 3949 409 3958 .
509 3949 545 3959 ..
892 3897 939 3945 ¹et
952 3897 990 3960 in]
1011 3896 1053 3946 On
1065 3911 1097 3944 nn
1109 3911 1217 3944 erasure.

312 3946 556 4013 qnodsrnelacrnnzs
571 3963 616 3995 non
631 3963 762 4011 possiumus
779 3962 816 3994 re·
889 4002 899 4018 a
954 4003 958 4012 Ι
1021 4002 1026 4011 1
1110 4001 1115 4012 Ι
1182 4000 1187 4011 Ι

312 4030 398 4081 citare,
409 4028 590 4076 cruentissimas
601 4026 718 4074 lominum
735 4025 816 4074 ndlrrrc
890 4024 899 4033 “
918 4001 1060 4065 Wmmm‘fl
1081 4000 1212 4060 Vffllofflssr
1224 3998 1281 4052 MS·

306 4108 422 4172 ,favorem
450 4107 542 4166 retinet,
571 4107 598 4154 in
630 4105 708 4155 odium
741 4106 816 4153 curiae
890 4114 1108 4180 memmium]
1133 4114 1171 4164 At
1188 4114 1241 4164 first
1259 4115 1360 4167 written

313 4192 452 4234 mensurata.
498 4184 657 4248 Equinirnina
694 4184 744 4249 [sic
771 4200 816 4247 pro
857 4195 1013 4245 adventurus,

313 4263 503 4328 AEqunnimiua]
518 4264 579 4312 enirn
588 4263 648 4312 laici
656 4262 816 4311 deliramento
890 4301 899 4330 ⁴

310 4341 417 4407 populus
438 4344 547 4401 antiret,
570 4359 641 4406 quarn
665 4343 750 4407 ipsium,
773 4342 817 4405 qni

313 4425 435 4488 speculum
447 4420 816 4471 morumcarenniuerscrnundo
889 4405 1002 4455 ⁵Bli'fst‘
1022 4443 1027 4454 ·
1048 4443 1054 4454 ·
1073 4443 1079 4454 ·
1096 4405 1231 4469 sarf⁸⁸5mfl
1264 4405 1304 4455 0¹¹
1327 4421 1359 4456 θη

313 4510 443 4552 reveretur.
479 4501 518 4551 (Ὗ.
539 4502 570 4551 Β.
584 4502 612 4552 C.
636 4501 778 4562 (edll'cts,
790 4517 814 4564 p.
857 4501 964 4536 &³⁸⁰¹ss-

314 4586 384 4646 768).
418 4583 449 4631 In
460 4581 503 4632 the
515 4581 612 4646 margin
623 4581 677 4630 also
695 4580 717 4629 is
733 4581 816 4629 added
890 4592 900 4623 a
916 4589 1031 4656 cram]
1052 4591 1193 4652 clamose,
1206 4590 1263 4640 MS,

312 4663 355 4712 the
366 4661 500 4726 following
510 4669 577 4723 note,
589 4661 713 4727 referring
729 4666 756 4710 to
772 4659 816 4709 the
835 4636 839 4706 l

918 4300 1067 4365 rererlurior]
1087 4298 1239 4360 veredarios,
1251 4299 1308 4349 MS.
