3060 5468
475 731 521 783 aa
543 731 702 785 rsusosn
723 736 825 786 suess
846 733 1026 790 rosssms.
1206 726 1272 799 227

230 908 318 963 etiam
345 909 569 967 increbruerunt
588 953 595 967 .
617 950 624 966 .
646 953 653 966 .
673 912 725 981 qui
751 912 872 968 merito¹
891 914 968 970 inter
993 913 1127 969 martires
1155 919 1353 986 compa-sn.
1368 928 1439 978 121³.

228 992 334 1049 tendas
360 1000 415 1061 est,
443 997 513 1066 quia
632 997 876 1067 persecutionem.
914 997 1016 1054 Mense
1040 1016 1111 1055 vero
1138 998 1272 1054 ianuarii

230 1115 374 1133 .......
388 1080 622 1150 promulgarunt.
658 1078 739 1135 Tunc
751 1097 802 1135 rex
814 1082 1014 1138 Francorum.
1036 1124 1042 1137 .
1065 1124 1072 1138 .
1094 1124 1100 1137 .
1114 1081 1206 1153 jussit
1218 1082 1272 1138 sub

228 1161 343 1215 nomine
364 1205 370 1215 .
393 1205 399 1216 .
422 1204 429 1218 .
448 1170 641 1228 mererentur,
661 1164 775 1219 scilicet
799 1166 1040 1223 exheredationis.
1078 1167 1162 1222 Fecit
1185 1167 1274 1222 etiam
1286 1177 1406 1241 Propera·

111 1249 118 1261 '
228 1261 327 1301 omnes
340 1253 355 1301 ‘.
377 1289 383 1302 .
406 1290 412 1302 .
432 1254 555 1319 poterat,
575 1248 665 1304 etiam
691 1247 728 1302 de
756 1248 852 1304 Jauua
876 1256 906 1306 et
930 1249 1008 1316 Pisa,
1027 1251 1182 1307 bellicosas
1208 1243 1391 1306 con-fimin

53 3600 125 3652 Ibid.
138 3600 165 3650 ii.

58 3672 120 3729 1³7,
136 3674 189 3720 ras.

51 3924 126 3976 rasa
138 3922 165 3973 s.
183 3960 195 3989 ,

53 3997 116 4042 138.

227 1327 370 1387 ducticias
400 1350 489 1405 snper
517 1349 599 1388 mare
628 1351 732 1389 versus
761 1333 902 1405 Angliam
930 1352 1120 1406 congregare,
1147 1340 1178 1390 et
1206 1352 1273 1390 ceu·
1286 1309 1420 1427 Ἦὲξω

228 1421 365 1486 gregatas
389 1418 535 1473 &umento
562 1458 568 1472 .
591 1458 626 1473 ..
653 1418 843 1473 communire.
889 1419 952 1473 Rex
978 1426 1076 1475 autem
1094 1392 1410 1506 J[0hannes]¹p2,:31ffi·

228 1515 244 1550 e
269 1499 389 1570 regione
414 1518 479 1557 sese
506 1507 639 1573 potenter
669 1505 699 1556 at
723 1500 882 1572 prudenter
912 1503 1025 1557 studuit
1050 1503 1271 1558 communiendo

228 1598 402 1654 praeparare,
420 1601 584 1656 proponens
602 1601 670 1641 oum
687 1584 821 1640 hostibus
838 1585 940 1640 navale
959 1625 1081 1640 .....
1101 1585 1269 1652 adventum,

227 1675 371 1724 venerunt
388 1668 445 1724 duo
458 1670 563 1725 iratres
584 1710 590 1725 .
614 1710 619 1724 .
642 1710 648 1725 .
668 1673 700 1724 et
711 1670 861 1725 venientes
873 1669 1010 1725 dixerunt
1026 1670 1054 1724 ei
1067 1669 1269 1736 amicabiliter,

230 1751 408 1808 “Mittimur
417 1790 560 1809 .......
575 1752 833 1823 condempnatus.”
861 1752 945 1821 Quod
963 1771 1030 1808 cum
1048 1753 1113 1825 regi
1124 1791 1269 1809 .......

227 1842 257 1890 et
273 1836 368 1902 laicis,
382 1845 425 1902 ut,
438 1837 503 1909 ipso
520 1838 595 1893 duco
610 1874 789 1892 .......
802 1837 932 1908 parendi,
947 1843 985 1902 et,
999 1837 1071 1893 licet
1088 1855 1162 1902 sero,
1176 1837 1271 1892 hnmi-

227 1920 303 1985 liari,
322 1923 432 1993 poteris
459 1923 554 1977 adhuc
582 1921 704 1977 forsitan
731 1938 766 1974 ex
791 1922 946 1976 clementia
965 1959 972 1975 .
994 1963 1001 1975 .
1023 1962 1030 1975 .
1051 1920 1134 1976 fuisti
1160 1921 1273 1992 abjudi-

226 2005 340 2060 catus.”
384 2005 453 2061 Hiis
479 2005 572 2077 igitur
604 2002 773 2068 intellectis,
804 2019 856 2058 rex
892 2005 912 2059 J
915 2003 1080 2074 [ohannes],
1112 2004 1164 2060 sed
1194 2022 1271 2072 sero,

226 2087 400 2144 humiliatus
417 2095 472 2155 est,
492 2088 563 2145 licet
580 2085 691 2144 invitus
710 2094 740 2143 et
760 2095 856 2143 mente
875 2089 980 2143 meritc
997 2089 1185 2160 perturbatus
1205 2129 1211 2144 .
1234 2130 1241 2144 .
1263 2130 1269 2144 .

227 2173 403 2228 imminere.¹
432 2173 592 2229 Demersus
610 2173 705 2244 igitur
716 2173 747 2226 in
765 2172 896 2228 abissum
913 2173 1134 2244 desperationis,
1154 2191 1273 2246 persua—

228 2256 358 2333 sionibus
378 2297 385 2311 .
408 2298 414 2312 .
436 2299 442 2312 .
462 2256 632 2329 probrosam
651 2261 681 2312 et
698 2255 753 2311 teti
770 2255 888 2327 Anglias
903 2256 1093 2328 dampnosam
1111 2257 1271 2329 adquievit.

228 2336 321 2411 Cujus
340 2358 480 2397 summa.
502 2382 509 2397 .
531 2383 538 2397 .
560 2383 567 2397 .
587 2341 756 2397 sabaiaciet.
803 2339 888 2409 Quod
914 2358 982 2396 cum
1008 2359 1060 2396 rex
1085 2382 1092 2398 .
1113 2379 1120 2396 .
1143 2380 1150 2396 .
1175 2342 1273 2398 intimi

227 2432 379 2481 cruentam
397 2426 621 2481 amaritudinem
640 2431 679 2480 et
703 2424 892 2481 lacrimarum
919 2424 1090 2480 effusionem
1110 2441 1274 2481 commove·

227 2511 322 2566 batur.
360 2510 425 2567 Hoc
438 2517 537 2567 autem
548 2508 706 2565 infeliciter
717 2511 828 2566 factum
841 2509 917 2564 fuit.
935 2552 941 2564 .
957 2549 964 2564 .
980 2549 987 2564 .
1003 2510 1022 2565 J
1026 2507 1173 2580 [ohannis]
1187 2509 1272 2565 xiiiia

229 2595 361 2651 Instabat
378 2599 476 2650 autem
502 2595 566 2649 dies
584 2593 782 2650 Ascensionis.
820 2594 860 2648 bit
877 2593 980 2648 videns
1006 2609 1059 2648 rex
1083 2593 1162 2666 quod
1179 2593 1273 2650 adhuc
1305 2586 1417 2653 ltMay.

228 2679 351 2744 viveret,
367 2679 459 2750 jussit
476 2679 598 2734 Petrum
615 2677 798 2741 heremitam,
815 2683 935 2748 propter
952 2677 1127 2733 assertiones
1145 2695 1223 2743 suas,
1243 2682 1274 2733 et

230 2762 322 2818 fllium
335 2779 422 2818 suum
434 2763 582 2835 suspendi.
614 2763 683 2818 Hiis
696 2762 791 2825 factis,
803 2759 1021 2832 P[andulphus]
1031 2778 1099 2816 cum
1110 2767 1191 2816 carta
1201 2776 1275 2832 pras·
1285 2755 1362 2805 Peter
1372 2755 1415 2806 ⁰²0

230 2846 307 2901 sisa
318 2846 349 2900 sn
368 2847 494 2902 assisam
513 2846 665 2910 remeavit,
684 2847 759 2901 viso.
779 2845 863 2900 mssa
880 2845 1022 2899 serarum
1042 2882 1191 2900 ......
1209 2845 1275 2900 sss-
1286 2821 1377 2936 {tm
1391 2824 1442 2872 ³¹¹⁶

230 2937 332 3002 genter
351 2929 509 2995 admonuit,
530 2931 580 3002 qui
590 2930 652 3001 jam
663 2930 821 3001 parabatur
841 2966 848 2983 .
870 2969 877 2983 .
899 2971 906 2983 .
925 2934 1078 2984 remearet.
1117 2929 1179 2983 Rex
1197 2929 1275 2984 enim
1286 2902 1384 3019 hissa?

228 3015 393 3086 Anglorum
407 3015 426 3068 J
429 3013 581 3084 [ohannes]
603 3014 682 3068 filius
700 3014 795 3068 faetus
814 3016 859 3068 est
876 3012 1048 3067 obedientiae
1066 3012 1299 3068 etreconcilia.

228 3099 325 3154 tionis.
346 3100 419 3154 Hac
432 3100 553 3155 audiens
573 3116 624 3152 rex
637 3098 826 3163 Francorum,
841 3097 935 3151 iratus
954 3102 1000 3150 est
1017 3097 1114 3161 nimis,
1129 3097 1229 3152 dolens
1242 3115 1274 3153 se

228 3184 325 3239 verbis
347 3184 500 3238 fallacibus
524 3178 616 3238 fuisse
640 3181 878 3252 muscipulutum.
914 3179 1099 3251 Expenderat
1113 3181 1201 3244 enim,
1224 3181 1275 3236 sti·

228 3271 358 3324 mulaute
378 3287 462 3340 papa,
487 3267 662 3339 plusquam³
679 3267 738 3320 lxi&
760 3307 767 3320 .
789 3305 795 3318 .
818 3305 824 3318 .
845 3269 995 3336 apparatu,
1014 3281 1068 3319 nec
1087 3264 1198 3335 aliquid
1216 3265 1275 3320 nisi

228 3354 335 3425 probra
351 3358 523 3424 reportaret.
561 3352 600 3405 Fit
618 3350 688 3420 qnia
699 3347 906 3418 suggestione⁴
926 3389 933 3402 .
955 3388 961 3401 .
984 3348 1171 3402 ,nullatenus
1188 3348 1273 3403 dictis

228 3434 422 3508 P[andulphi]
444 3473 620 3490 .......
639 3433 670 3487 in
694 3431 827 3503 Angliai
870 3430 1045 3499 Quinimmo,
1074 3430 1213 3487 detines.
1236 3473 1242 3487 .
1265 3473 1271 3487 .

227 3521 430 3576 cismarinas.”
467 3518 550 3588 Quod
568 3517 688 3573 audiens
710 3558 715 3571 .
738 3556 744 3570 .
767 3557 773 3570 .
794 3516 947 3570 confestim
965 3523 999 3571 ut
1016 3516 1166 3571 recederet
1184 3517 1274 3586 impo-

227 3602 321 3673 ravit3
353 3611 383 3661 et
412 3605 568 3674 insequens
601 3643 636 3658 ..
659 3643 665 3655 .
697 3602 775 3655 ferro
800 3599 931 3654 feraliter
955 3601 1044 3671 coepit
1069 3601 1271 3655 exterminare.

228 3691 376 3746 Proeterca
387 3690 485 3744 nautis
496 3722 654 3743 ........
668 3692 788 3757 propter
801 3701 869 3739 eum
882 3685 1039 3739 constituto
1052 3685 1271 3756 suffragaretur,

228 3775 355 3830 militare
367 3774 424 3829 sibi
437 3773 607 3845 praesidium
620 3769 800 3826 destinando.
829 3768 898 3822 Hiis
910 3767 1027 3832 auditis,
1047 3784 1098 3823 rex
1109 3769 1274 3839 Anglorum
1285 3765 1337 3818 sis
1348 3778 1404 3820 seut

229 3858 311 3913 misit
322 3860 353 3912 iu
365 3875 537 3912 succursum
548 3855 664 3911 comitis
677 3855 797 3909 fratrem
810 3869 896 3907 suum
908 3851 1100 3918 Willelmum,
1110 3853 1214 3908 ducem
1225 3854 1274 3909 vel
1285 3835 1320 3949 gf
1331 3834 1401 3885 J⁰¹²¹³
1412 3842 1440 3886 ω

229 3943 366 3998 comitem
374 3941 537 4005 Hclandisa,
549 3946 579 3994 et
587 3937 785 4009 Reginaldum
796 3973 937 3992 .......
946 3935 1106 4002 faciebant3
1120 3937 1172 3992 ubl
1184 3942 1275 3994 totam
1286 3911 1415 4018 0f⁰ffi¹⁸

228 4028 373 4083 navium.
399 4067 406 4082 .
431 4065 437 4081 .
460 4067 466 4079 .
490 4025 571 4095 regis
602 4024 791 4086 Francorum,
818 4026 849 4075 et
877 4021 973 4092 ipsam
998 4061 1005 4076 .
1033 4058 1040 4076 .
1068 4061 1074 4076 .
1100 4023 1350 4087 mariuellismen.

228 4112 366 4168 caruisse.
396 4108 535 4165 Exierant
547 4108 626 4163 anim
637 4106 747 4161 milites
760 4104 797 4159 ad
812 4103 1002 4175 praedandum
1014 4104 1045 4158 in
1056 4111 1136 4160 terra
1148 4107 1272 4162 comitis.

228 4195 312 4264 Quod
329 4213 396 4251 cum
414 4194 523 4248 milites
536 4192 616 4262 regis
629 4190 794 4261 Anglorum
808 4189 1023 4259 cognovissent,
1039 4189 1076 4243 ad
1088 4208 1169 4245 arma
1181 4191 1273 4261 prosi·

228 4281 342 4344 lientes,
355 4284 499 4334 trecentas
520 4294 555 4330 ex
574 4275 618 4329 eis
637 4274 793 4338 fremente,
813 4273 891 4337 vino,
915 4279 945 4327 et
966 4273 1032 4328 aliis
1051 4274 1227 4329 victualibus
1243 4279 1273 4328 et

261 4479 268 4511 ¹
286 4479 383 4544 meato]
413 4476 539 4541 Repeated
561 4471 727 4537 superflously
807 4471 818 4502 ³
832 4469 974 4537 piusquam]
994 4473 1058 4535 plus,
1070 4473 1127 4523 MS.

229 4559 292 4609 aster
303 4562 423 4608 nmrtircs.
808 4551 818 4583 ⁴
834 4551 996 4616 suspectione]
1016 4551 1162 4614 sugestione,
1175 4550 1229 4599 MS.

261 4641 271 4672 ²
289 4641 422 4704 imminere]
442 4637 554 4696 iminere,
565 4636 621 4686 MS.
1118 4711 1138 4772 2

1075 4725 1095 4771 Ρ
