<?xml version="1.0" encoding="UTF-8"?>
<!DOCTYPE html PUBLIC "-//W3C//DTD XHTML 1.0 Transitional//EN"
    "http://www.w3.org/TR/xhtml1/DTD/xhtml1-transitional.dtd">
<html xmlns="http://www.w3.org/1999/xhtml" xml:lang="en" lang="en">
 <head>
  <title>
</title>
<meta http-equiv="Content-Type" content="text/html;charset=utf-8" />
  <meta name='ocr-system' content='tesseract 3.04.00' />
  <meta name='ocr-capabilities' content='ocr_page ocr_carea ocr_par ocr_line ocrx_word'/>
</head>
<body>
  <div class='ocr_page' id='page_1' title='image "./matthiparisiens02parigoog_0118.png"; bbox 0 0 3060 5468; ppageno 0'>
   <div class='ocr_carea' id='block_1_1' title="bbox 314 716 1216 791">
    <p class='ocr_par' dir='ltr' id='par_1_1' title="bbox 314 716 1216 791">
     <span class='ocr_line' id='line_1_1' title="bbox 314 716 1216 791; baseline 0.006 -13"><span class='ocrx_word' id='word_1_1' title='bbox 314 727 542 778; x_wconf 71' lang='lat' dir='ltr'><strong>samsona</strong></span> <span class='ocrx_word' id='word_1_2' title='bbox 564 728 665 780; x_wconf 82' lang='lat' dir='ltr'><strong>arms</strong></span> <span class='ocrx_word' id='word_1_3' title='bbox 687 726 842 791; x_wconf 79' lang='lat' dir='ltr'><strong>unsarcr,</strong></span> <span class='ocrx_word' id='word_1_4' title='bbox 864 729 931 780; x_wconf 85' lang='lat' dir='ltr'><strong>vrz.</strong></span> <span class='ocrx_word' id='word_1_5' title='bbox 953 728 1077 781; x_wconf 82' lang='lat' dir='ltr'><strong>rrarn.</strong></span> <span class='ocrx_word' id='word_1_6' title='bbox 1173 716 1216 783; x_wconf 79' lang='lat'><strong>53</strong></span> 
     </span>
    </p>
   </div>
   <div class='ocr_carea' id='block_1_2' title="bbox 150 899 1383 1807">
    <p class='ocr_par' dir='ltr' id='par_1_2' title="bbox 150 899 1383 1807">
     <span class='ocr_line' id='line_1_2' title="bbox 168 899 1383 986; baseline 0.006 -23"><span class='ocrx_word' id='word_1_7' title='bbox 168 921 241 963; x_wconf 88' lang='lat' dir='ltr'><strong>sum</strong></span> <span class='ocrx_word' id='word_1_8' title='bbox 279 899 423 986; x_wconf 76' lang='lat' dir='ltr'><strong>praebuit</strong></span> <span class='ocrx_word' id='word_1_9' title='bbox 469 900 684 967; x_wconf 90' lang='lat' dir='ltr'><strong>intuentibus.</strong></span> <span class='ocrx_word' id='word_1_10' title='bbox 741 902 886 968; x_wconf 83' lang='lat' dir='ltr'><strong>Minores</strong></span> <span class='ocrx_word' id='word_1_11' title='bbox 923 901 1059 968; x_wconf 90' lang='lat' dir='ltr'><strong>tandem</strong></span> <span class='ocrx_word' id='word_1_12' title='bbox 1096 900 1215 968; x_wconf 80' lang='lat' dir='ltr'><strong>fratres</strong></span> <span class='ocrx_word' id='word_1_13' title='bbox 1227 914 1297 972; x_wconf 70' lang='lat' dir='ltr'><strong>Ah.</strong></span> <span class='ocrx_word' id='word_1_14' title='bbox 1311 923 1383 970; x_wconf 77' lang='lat'>1249.</span> 
     </span>
     <span class='ocr_line' id='line_1_3' title="bbox 167 999 1216 1093; baseline 0.005 -28"><span class='ocrx_word' id='word_1_15' title='bbox 167 999 342 1066; x_wconf 86' lang='lat' dir='ltr'><strong>sanctum¹</strong></span> <span class='ocrx_word' id='word_1_16' title='bbox 367 1023 484 1088; x_wconf 89' lang='lat' dir='ltr'><strong>corpus</strong></span> <span class='ocrx_word' id='word_1_17' title='bbox 505 1002 754 1069; x_wconf 90' lang='lat' dir='ltr'><strong>intumularunt</strong></span> <span class='ocrx_word' id='word_1_18' title='bbox 777 1003 972 1091; x_wconf 67' lang='lat' dir='ltr'><strong>dampnatil</strong></span> <span class='ocrx_word' id='word_1_19' title='bbox 989 1005 1139 1093; x_wconf 87' lang='lat' dir='ltr'><strong>episcopi,</strong></span> <span class='ocrx_word' id='word_1_20' title='bbox 1156 1000 1216 1070; x_wconf 80' lang='lat' dir='ltr'><strong>et⁸</strong></span> 
     </span>
     <span class='ocr_line' id='line_1_4' title="bbox 166 1101 1215 1185; baseline 0.006 -19"><span class='ocrx_word' id='word_1_21' title='bbox 166 1101 252 1167; x_wconf 92' lang='lat' dir='ltr'><strong>illud</strong></span> <span class='ocrx_word' id='word_1_22' title='bbox 283 1101 466 1169; x_wconf 84' lang='lat' dir='ltr'><strong>Fretherici</strong></span> <span class='ocrx_word' id='word_1_23' title='bbox 497 1106 663 1171; x_wconf 89' lang='lat' dir='ltr'><strong>carnifices</strong></span> <span class='ocrx_word' id='word_1_24' title='bbox 695 1106 737 1171; x_wconf 92' lang='lat' dir='ltr'><strong>de</strong></span> <span class='ocrx_word' id='word_1_25' title='bbox 770 1107 899 1171; x_wconf 88' lang='lat' dir='ltr'><strong>tumulo</strong></span> <span class='ocrx_word' id='word_1_26' title='bbox 933 1108 1154 1185; x_wconf 75' lang='lat' dir='ltr'><strong>extrahentes,</strong></span> <span class='ocrx_word' id='word_1_27' title='bbox 1177 1129 1215 1172; x_wconf 87' lang='lat' dir='ltr'><strong>ao</strong></span> 
     </span>
     <span class='ocr_line' id='line_1_5' title="bbox 166 1205 1215 1296; baseline 0.005 -27"><span class='ocrx_word' id='word_1_28' title='bbox 166 1226 226 1291; x_wconf 90' lang='lat' dir='ltr'><strong>per</strong></span> <span class='ocrx_word' id='word_1_29' title='bbox 247 1205 355 1271; x_wconf 88' lang='lat' dir='ltr'><strong>lutum</strong></span> <span class='ocrx_word' id='word_1_30' title='bbox 383 1207 561 1286; x_wconf 70' lang='lat' dir='ltr'><strong>trahentes,</strong></span> <span class='ocrx_word' id='word_1_31' title='bbox 587 1209 710 1273; x_wconf 89' lang='lat' dir='ltr'><strong>iterum</strong></span> <span class='ocrx_word' id='word_1_32' title='bbox 742 1209 994 1296; x_wconf 87' lang='lat' dir='ltr'><strong>suspenderunt,</strong></span> <span class='ocrx_word' id='word_1_33' title='bbox 1017 1230 1085 1274; x_wconf 89' lang='lat' dir='ltr'><strong>nen</strong></span> <span class='ocrx_word' id='word_1_34' title='bbox 1118 1208 1215 1296; x_wconf 91' lang='lat' dir='ltr'><strong>depo·</strong></span> 
     </span>
     <span class='ocr_line' id='line_1_6' title="bbox 165 1308 1214 1398; baseline 0.005 -27"><span class='ocrx_word' id='word_1_35' title='bbox 165 1308 312 1374; x_wconf 88' lang='lat' dir='ltr'><strong>nendum</strong></span> <span class='ocrx_word' id='word_1_36' title='bbox 334 1308 457 1394; x_wconf 80' lang='lat' dir='ltr'><strong>absque</strong></span> <span class='ocrx_word' id='word_1_37' title='bbox 487 1310 565 1376; x_wconf 88' lang='lat' dir='ltr'><strong>novi</strong></span> <span class='ocrx_word' id='word_1_38' title='bbox 590 1311 692 1376; x_wconf 83' lang='lat' dir='ltr'><strong>Pilati</strong></span> <span class='ocrx_word' id='word_1_39' title='bbox 714 1311 850 1377; x_wconf 91' lang='lat' dir='ltr'><strong>licentia</strong></span> <span class='ocrx_word' id='word_1_40' title='bbox 871 1311 1011 1398; x_wconf 91' lang='lat' dir='ltr'><strong>speciali.</strong></span> <span class='ocrx_word' id='word_1_41' title='bbox 1057 1311 1214 1397; x_wconf 89' lang='lat' dir='ltr'><strong>Aliosque</strong></span> 
     </span>
     <span class='ocr_line' id='line_1_7' title="bbox 166 1411 1214 1500; baseline 0.004 -25"><span class='ocrx_word' id='word_1_42' title='bbox 166 1411 310 1477; x_wconf 84' lang='lat' dir='ltr'><strong>eoelesiae</strong></span> <span class='ocrx_word' id='word_1_43' title='bbox 348 1413 529 1479; x_wconf 88' lang='lat' dir='ltr'><strong>eminentes</strong></span> <span class='ocrx_word' id='word_1_44' title='bbox 566 1434 731 1500; x_wconf 87' lang='lat' dir='ltr'><strong>personas,</strong></span> <span class='ocrx_word' id='word_1_45' title='bbox 764 1413 917 1500; x_wconf 78' lang='lat' dir='ltr'><strong>praelatos</strong></span> <span class='ocrx_word' id='word_1_46' title='bbox 955 1418 1094 1492; x_wconf 86' lang='lat' dir='ltr'><strong>sanctos,</strong></span> <span class='ocrx_word' id='word_1_47' title='bbox 1133 1415 1214 1480; x_wconf 86' lang='lat' dir='ltr'><strong>adeo</strong></span> 
     </span>
     <span class='ocr_line' id='line_1_8' title="bbox 150 1492 1214 1603; baseline 0.006 -26"><span class='ocrx_word' id='word_1_48' title='bbox 150 1492 335 1579; x_wconf 80' lang='lat' dir='ltr'><strong>&#39;odibiliter</strong></span> <span class='ocrx_word' id='word_1_49' title='bbox 357 1515 624 1601; x_wconf 84' lang='lat' dir='ltr'><strong>persequebatur,</strong></span> <span class='ocrx_word' id='word_1_50' title='bbox 641 1521 681 1580; x_wconf 89' lang='lat' dir='ltr'><strong>ut</strong></span> <span class='ocrx_word' id='word_1_51' title='bbox 703 1502 883 1581; x_wconf 87' lang='lat' dir='ltr'><strong>multorum</strong></span> <span class='ocrx_word' id='word_1_52' title='bbox 898 1515 1041 1603; x_wconf 78' lang='lat' dir='ltr'><strong>gratiam</strong></span> <span class='ocrx_word' id='word_1_53' title='bbox 1061 1516 1214 1583; x_wconf 88' lang='lat' dir='ltr'><strong>amittere</strong></span> 
     </span>
     <span class='ocr_line' id='line_1_9' title="bbox 165 1617 1215 1705; baseline 0.003 -24"><span class='ocrx_word' id='word_1_54' title='bbox 165 1617 268 1702; x_wconf 87' lang='lat' dir='ltr'><strong>coepit</strong></span> <span class='ocrx_word' id='word_1_55' title='bbox 300 1621 335 1681; x_wconf 89' lang='lat' dir='ltr'><strong>et</strong></span> <span class='ocrx_word' id='word_1_56' title='bbox 368 1617 523 1684; x_wconf 84' lang='lat' dir='ltr'><strong>favorem.</strong></span> <span class='ocrx_word' id='word_1_57' title='bbox 581 1618 665 1684; x_wconf 87' lang='lat' dir='ltr'><strong>Haec</strong></span> <span class='ocrx_word' id='word_1_58' title='bbox 697 1624 810 1684; x_wconf 90' lang='lat' dir='ltr'><strong>autem</strong></span> <span class='ocrx_word' id='word_1_59' title='bbox 844 1619 879 1684; x_wconf 92' lang='lat' dir='ltr'><strong>in</strong></span> <span class='ocrx_word' id='word_1_60' title='bbox 914 1619 1053 1704; x_wconf 88' lang='lat' dir='ltr'><strong>epistola</strong></span> <span class='ocrx_word' id='word_1_61' title='bbox 1085 1618 1215 1705; x_wconf 88' lang='lat' dir='ltr'><strong>plenius</strong></span> 
     </span>
     <span class='ocr_line' id='line_1_10' title="bbox 165 1718 1216 1807; baseline 0.001 -23"><span class='ocrx_word' id='word_1_62' title='bbox 165 1718 349 1805; x_wconf 88' lang='lat' dir='ltr'><strong>conscripta</strong></span> <span class='ocrx_word' id='word_1_63' title='bbox 370 1719 407 1783; x_wconf 90' lang='lat' dir='ltr'><strong>in</strong></span> <span class='ocrx_word' id='word_1_64' title='bbox 429 1720 515 1786; x_wconf 93' lang='lat' dir='ltr'><strong>libro</strong></span> <span class='ocrx_word' id='word_1_65' title='bbox 538 1720 853 1786; x_wconf 85' lang='lat' dir='ltr'><strong>Additamentorum</strong></span> <span class='ocrx_word' id='word_1_66' title='bbox 878 1726 1037 1807; x_wconf 91' lang='lat' dir='ltr'><strong>poterunt</strong></span> <span class='ocrx_word' id='word_1_67' title='bbox 1058 1719 1216 1806; x_wconf 88' lang='lat' dir='ltr'><strong>reperiri.⁴</strong></span> 
     </span>
    </p>
   </div>
   <div class='ocr_carea' id='block_1_3' title="bbox 170 2005 1215 2214">
    <p class='ocr_par' dir='ltr' id='par_1_3' title="bbox 170 2005 1215 2214">
     <span class='ocr_line' id='line_1_11' title="bbox 170 2005 1215 2097; baseline 0.004 -25"><span class='ocrx_word' id='word_1_68' title='bbox 170 2005 321 2073; x_wconf 78' lang='lat' dir='ltr'><strong>Dcobita</strong></span> <span class='ocrx_word' id='word_1_69' title='bbox 336 2006 584 2096; x_wconf 76' lang='lat' dir='ltr'><strong>archicpiscopi</strong></span> <span class='ocrx_word' id='word_1_70' title='bbox 609 2009 831 2096; x_wconf 78' lang='lat' dir='ltr'><strong>Mopuotiot&#39;,</strong></span> <span class='ocrx_word' id='word_1_71' title='bbox 848 2015 879 2076; x_wconf 85' lang='lat' dir='ltr'><strong>ct</strong></span> <span class='ocrx_word' id='word_1_72' title='bbox 901 2009 941 2075; x_wconf 78' lang='lat' dir='ltr'><strong>de</strong></span> <span class='ocrx_word' id='word_1_73' title='bbox 971 2007 1215 2097; x_wconf 66' lang='lat' dir='ltr'><strong>captatione</strong></span> 
     </span>
     <span class='ocr_line' id='line_1_12' title="bbox 351 2110 1034 2214; baseline 0 -36"><span class='ocrx_word' id='word_1_74' title='bbox 351 2111 525 2197; x_wconf 79' lang='lat' dir='ltr'><strong>potcstatis</strong></span> <span class='ocrx_word' id='word_1_75' title='bbox 546 2112 793 2214; x_wconf 80' lang='lat' dir='ltr'><strong>archiepiscopi</strong></span> <span class='ocrx_word' id='word_1_76' title='bbox 816 2110 1034 2180; x_wconf 72' lang='lat' dir='ltr'><strong>Coloniepsis.</strong></span> 
     </span>
    </p>
   </div>
   <div class='ocr_carea' id='block_1_4' title="bbox 209 2267 1352 2357">
    <p class='ocr_par' dir='ltr' id='par_1_4' title="bbox 209 2267 1352 2357">
     <span class='ocr_line' id='line_1_13' title="bbox 209 2267 1352 2357; baseline 0.002 -25"><span class='ocrx_word' id='word_1_77' title='bbox 209 2267 424 2355; x_wconf 83' lang='lat' dir='ltr'><strong>Temporibus</strong></span> <span class='ocrx_word' id='word_1_78' title='bbox 450 2291 578 2357; x_wconf 88' lang='lat' dir='ltr'><strong>quoquc</strong></span> <span class='ocrx_word' id='word_1_79' title='bbox 607 2270 669 2336; x_wconf 90' lang='lat' dir='ltr'><strong>sub</strong></span> <span class='ocrx_word' id='word_1_80' title='bbox 692 2271 814 2337; x_wconf 88' lang='lat' dir='ltr'><strong>eisdem</strong></span> <span class='ocrx_word' id='word_1_81' title='bbox 838 2268 923 2335; x_wconf 89' lang='lat' dir='ltr'><strong>obiit</strong></span> <span class='ocrx_word' id='word_1_82' title='bbox 953 2268 1213 2357; x_wconf 88' lang='lat' dir='ltr'><strong>archiepiscopus</strong></span> <span class='ocrx_word' id='word_1_83' title='bbox 1225 2281 1352 2335; x_wconf 65' lang='lat' dir='ltr'><strong>Darios</strong></span> 
     </span>
    </p>
   </div>
   <div class='ocr_carea' id='block_1_5' title="bbox 166 2349 1378 2482">
    <p class='ocr_par' dir='ltr' id='par_1_5' title="bbox 166 2349 1378 2482">
     <span class='ocr_line' id='line_1_14' title="bbox 166 2349 1378 2482; baseline 0.01 -49"><span class='ocrx_word' id='word_1_84' title='bbox 166 2369 390 2456; x_wconf 85' lang='lat' dir='ltr'><strong>Maguntinus,</strong></span> <span class='ocrx_word' id='word_1_85' title='bbox 427 2372 482 2436; x_wconf 89' lang='lat' dir='ltr'><strong>vir</strong></span> <span class='ocrx_word' id='word_1_86' title='bbox 517 2373 554 2437; x_wconf 90' lang='lat' dir='ltr'><strong>in</strong></span> <span class='ocrx_word' id='word_1_87' title='bbox 593 2372 779 2440; x_wconf 75' lang='lat' dir='ltr'><strong>Germaniae</strong></span> <span class='ocrx_word' id='word_1_88' title='bbox 816 2372 967 2460; x_wconf 86' lang='lat' dir='ltr'><strong>partibus</strong></span> <span class='ocrx_word' id='word_1_89' title='bbox 1005 2371 1213 2438; x_wconf 78' lang='lat' dir='ltr'><strong>auctoritatis</strong></span> <span class='ocrx_word' id='word_1_90' title='bbox 1224 2349 1378 2482; x_wconf 47' lang='lat' dir='ltr'><strong>ww</strong></span> 
     </span>
    </p>
   </div>
   <div class='ocr_carea' id='block_1_6' title="bbox 165 2472 1375 2561">
    <p class='ocr_par' dir='ltr' id='par_1_6' title="bbox 165 2472 1375 2561">
     <span class='ocr_line' id='line_1_15' title="bbox 165 2472 1375 2561; baseline -0.003 -23"><span class='ocrx_word' id='word_1_91' title='bbox 165 2475 327 2553; x_wconf 84' lang='lat' dir='ltr'><strong>maximae,</strong></span> <span class='ocrx_word' id='word_1_92' title='bbox 350 2496 490 2561; x_wconf 86' lang='lat' dir='ltr'><strong>magnus</strong></span> <span class='ocrx_word' id='word_1_93' title='bbox 505 2482 540 2542; x_wconf 91' lang='lat' dir='ltr'><strong>et</strong></span> <span class='ocrx_word' id='word_1_94' title='bbox 553 2475 734 2541; x_wconf 86' lang='lat' dir='ltr'><strong>indefessus</strong></span> <span class='ocrx_word' id='word_1_95' title='bbox 749 2475 903 2542; x_wconf 89' lang='lat' dir='ltr'><strong>inimicus</strong></span> <span class='ocrx_word' id='word_1_96' title='bbox 926 2472 1116 2540; x_wconf 87' lang='lat' dir='ltr'><strong>Fretherici.</strong></span> <span class='ocrx_word' id='word_1_97' title='bbox 1147 2473 1213 2540; x_wconf 90' lang='lat' dir='ltr'><strong>Sed</strong></span> <span class='ocrx_word' id='word_1_98' title='bbox 1225 2484 1276 2534; x_wconf 79' lang='lat' dir='ltr'><strong>anu</strong></span> <span class='ocrx_word' id='word_1_99' title='bbox 1285 2484 1375 2536; x_wconf 70' lang='lat' dir='ltr'><strong>favour</strong></span> 
     </span>
    </p>
   </div>
   <div class='ocr_carea' id='block_1_7' title="bbox 164 2550 1381 2682">
    <p class='ocr_par' dir='ltr' id='par_1_7' title="bbox 164 2550 1381 2682">
     <span class='ocr_line' id='line_1_16' title="bbox 164 2550 1381 2682; baseline 0.005 -43"><span class='ocrx_word' id='word_1_100' title='bbox 164 2597 206 2640; x_wconf 90' lang='lat' dir='ltr'><strong>nc</strong></span> <span class='ocrx_word' id='word_1_101' title='bbox 229 2576 269 2642; x_wconf 92' lang='lat' dir='ltr'><strong>de</strong></span> <span class='ocrx_word' id='word_1_102' title='bbox 292 2577 362 2663; x_wconf 88' lang='lat' dir='ltr'><strong>ejus</strong></span> <span class='ocrx_word' id='word_1_103' title='bbox 385 2582 491 2643; x_wconf 89' lang='lat' dir='ltr'><strong>morte</strong></span> <span class='ocrx_word' id='word_1_104' title='bbox 513 2576 602 2643; x_wconf 90' lang='lat' dir='ltr'><strong>idem</strong></span> <span class='ocrx_word' id='word_1_105' title='bbox 625 2577 867 2666; x_wconf 87' lang='lat' dir='ltr'><strong>F[retherious]</strong></span> <span class='ocrx_word' id='word_1_106' title='bbox 900 2577 958 2642; x_wconf 92' lang='lat' dir='ltr'><strong>diu</strong></span> <span class='ocrx_word' id='word_1_107' title='bbox 980 2576 1212 2665; x_wconf 84' lang='lat' dir='ltr'><strong>gratularetur,</strong></span> <span class='ocrx_word' id='word_1_108' title='bbox 1226 2550 1381 2682; x_wconf 48' lang='lat' dir='ltr'><strong>etpeossppyw</strong></span> 
     </span>
    </p>
   </div>
   <div class='ocr_carea' id='block_1_8' title="bbox 164 2678 1379 3895">
    <p class='ocr_par' dir='ltr' id='par_1_8' title="bbox 164 2678 1379 3267">
     <span class='ocr_line' id='line_1_17' title="bbox 165 2678 1379 2768; baseline 0.004 -25"><span class='ocrx_word' id='word_1_109' title='bbox 165 2678 318 2745; x_wconf 88' lang='lat' dir='ltr'><strong>dominus</strong></span> <span class='ocrx_word' id='word_1_110' title='bbox 348 2701 434 2767; x_wconf 85' lang='lat' dir='ltr'><strong>papa</strong></span> <span class='ocrx_word' id='word_1_111' title='bbox 472 2680 614 2745; x_wconf 88' lang='lat' dir='ltr'><strong>tradidit</strong></span> <span class='ocrx_word' id='word_1_112' title='bbox 651 2681 760 2766; x_wconf 90' lang='lat' dir='ltr'><strong>ipsum</strong></span> <span class='ocrx_word' id='word_1_113' title='bbox 797 2679 1114 2768; x_wconf 85' lang='lat' dir='ltr'><strong>archiepiscopatum</strong></span> <span class='ocrx_word' id='word_1_114' title='bbox 1142 2678 1336 2764; x_wconf 66' lang='lat' dir='ltr'><strong>jerotheum·</strong></span> <span class='ocrx_word' id='word_1_115' title='bbox 1348 2685 1379 2735; x_wconf 83' lang='lat' dir='ltr'><strong>of</strong></span> 
     </span>
     <span class='ocr_line' id='line_1_18' title="bbox 166 2748 1347 2868; baseline -0.001 -23"><span class='ocrx_word' id='word_1_116' title='bbox 166 2787 337 2846; x_wconf 74' lang='lat' dir='ltr'><strong>vasantem</strong></span> <span class='ocrx_word' id='word_1_117' title='bbox 362 2783 523 2868; x_wconf 82' lang='lat' dir='ltr'><strong>potestati</strong></span> <span class='ocrx_word' id='word_1_118' title='bbox 548 2805 586 2847; x_wconf 88' lang='lat' dir='ltr'><strong>ac</strong></span> <span class='ocrx_word' id='word_1_119' title='bbox 601 2782 803 2848; x_wconf 91' lang='lat' dir='ltr'><strong>ordinationi</strong></span> <span class='ocrx_word' id='word_1_120' title='bbox 825 2781 1059 2868; x_wconf 89' lang='lat' dir='ltr'><strong>archiepiscopi</strong></span> <span class='ocrx_word' id='word_1_121' title='bbox 1083 2780 1214 2846; x_wconf 83' lang='lat' dir='ltr'><strong>Coloni·</strong></span> <span class='ocrx_word' id='word_1_122' title='bbox 1227 2748 1347 2815; x_wconf 48' lang='grc' dir='ltr'><strong>σώσω</strong></span> 
     </span>
     <span class='ocr_line' id='line_1_19' title="bbox 166 2883 1215 2969; baseline -0.002 -22"><span class='ocrx_word' id='word_1_123' title='bbox 166 2884 262 2963; x_wconf 89' lang='lat' dir='ltr'><strong>ensis,</strong></span> <span class='ocrx_word' id='word_1_124' title='bbox 279 2883 350 2949; x_wconf 92' lang='lat' dir='ltr'><strong>Deo</strong></span> <span class='ocrx_word' id='word_1_125' title='bbox 377 2889 411 2949; x_wconf 91' lang='lat' dir='ltr'><strong>et</strong></span> <span class='ocrx_word' id='word_1_126' title='bbox 438 2885 581 2950; x_wconf 88' lang='lat' dir='ltr'><strong>ecolesiae</strong></span> <span class='ocrx_word' id='word_1_127' title='bbox 604 2884 746 2950; x_wconf 86' lang='lat' dir='ltr'><strong>fideliter</strong></span> <span class='ocrx_word' id='word_1_128' title='bbox 772 2883 955 2949; x_wconf 89' lang='lat' dir='ltr'><strong>militantis.</strong></span> <span class='ocrx_word' id='word_1_129' title='bbox 987 2883 1032 2947; x_wconf 81' lang='lat' dir='ltr'><strong>Et</strong></span> <span class='ocrx_word' id='word_1_130' title='bbox 1048 2887 1215 2969; x_wconf 72' lang='lat' dir='ltr'><strong>praeterea,</strong></span> 
     </span>
     <span class='ocr_line' id='line_1_20' title="bbox 166 2983 1214 3072; baseline -0.002 -23"><span class='ocrx_word' id='word_1_131' title='bbox 166 3006 278 3050; x_wconf 91' lang='lat' dir='ltr'><strong>omnes</strong></span> <span class='ocrx_word' id='word_1_132' title='bbox 301 2992 484 3071; x_wconf 85' lang='lat' dir='ltr'><strong>proventus</strong></span> <span class='ocrx_word' id='word_1_133' title='bbox 514 2986 685 3072; x_wconf 86' lang='lat' dir='ltr'><strong>cujusdam</strong></span> <span class='ocrx_word' id='word_1_134' title='bbox 714 2986 926 3051; x_wconf 79' lang='lat' dir='ltr'><strong>nobilissimae</strong></span> <span class='ocrx_word' id='word_1_135' title='bbox 957 2983 1104 3049; x_wconf 87' lang='lat' dir='ltr'><strong>abbatiae</strong></span> <span class='ocrx_word' id='word_1_136' title='bbox 1134 2989 1214 3048; x_wconf 90' lang='lat' dir='ltr'><strong>tunc</strong></span> 
     </span>
     <span class='ocr_line' id='line_1_21' title="bbox 165 3085 1215 3176; baseline -0.003 -26"><span class='ocrx_word' id='word_1_137' title='bbox 165 3089 323 3167; x_wconf 70' lang='lat' dir='ltr'><strong>vacantis</strong></span> <span class='ocrx_word' id='word_1_138' title='bbox 348 3088 441 3173; x_wconf 89' lang='lat' dir='ltr'><strong>cujus</strong></span> <span class='ocrx_word' id='word_1_139' title='bbox 464 3090 567 3154; x_wconf 86' lang='lat' dir='ltr'><strong>abbas</strong></span> <span class='ocrx_word' id='word_1_140' title='bbox 590 3094 754 3176; x_wconf 88' lang='lat' dir='ltr'><strong>superstes</strong></span> <span class='ocrx_word' id='word_1_141' title='bbox 781 3091 915 3152; x_wconf 90' lang='lat' dir='ltr'><strong>tenetur</strong></span> <span class='ocrx_word' id='word_1_142' title='bbox 937 3086 1092 3171; x_wconf 90' lang='lat' dir='ltr'><strong>obsequio</strong></span> <span class='ocrx_word' id='word_1_143' title='bbox 1112 3085 1215 3170; x_wconf 91' lang='lat' dir='ltr'><strong>impe-</strong></span> 
     </span>
     <span class='ocr_line' id='line_1_22' title="bbox 164 3185 1215 3267; baseline -0.006 -13"><span class='ocrx_word' id='word_1_144' title='bbox 164 3191 282 3255; x_wconf 84' lang='lat' dir='ltr'><strong>ratoris</strong></span> <span class='ocrx_word' id='word_1_145' title='bbox 294 3192 360 3255; x_wconf 89' lang='lat' dir='ltr'><strong>tria</strong></span> <span class='ocrx_word' id='word_1_146' title='bbox 375 3191 468 3255; x_wconf 89' lang='lat' dir='ltr'><strong>milia</strong></span> <span class='ocrx_word' id='word_1_147' title='bbox 482 3191 628 3256; x_wconf 91' lang='lat' dir='ltr'><strong>militum</strong></span> <span class='ocrx_word' id='word_1_148' title='bbox 644 3191 798 3256; x_wconf 89' lang='lat' dir='ltr'><strong>exhibere</strong></span> <span class='ocrx_word' id='word_1_149' title='bbox 813 3213 821 3267; x_wconf 92' lang='lat'>;</span> <span class='ocrx_word' id='word_1_150' title='bbox 836 3209 956 3252; x_wconf 90' lang='lat' dir='ltr'><strong>nomen</strong></span> <span class='ocrx_word' id='word_1_151' title='bbox 971 3186 1059 3251; x_wconf 91' lang='lat' dir='ltr'><strong>illius</strong></span> <span class='ocrx_word' id='word_1_152' title='bbox 1074 3185 1215 3250; x_wconf 88' lang='lat' dir='ltr'><strong>coenobii</strong></span> 
     </span>
    </p>

    <p class='ocr_par' dir='ltr' id='par_1_9' title="bbox 166 3287 1215 3482">
     <span class='ocr_line' id='line_1_23' title="bbox 166 3287 1215 3380; baseline -0.004 -24"><span class='ocrx_word' id='word_1_153' title='bbox 166 3293 273 3358; x_wconf 89' lang='lat' dir='ltr'><strong>Volsa.</strong></span> <span class='ocrx_word' id='word_1_154' title='bbox 335 3295 538 3359; x_wconf 84' lang='lat' dir='ltr'><strong>Memoratus</strong></span> <span class='ocrx_word' id='word_1_155' title='bbox 574 3295 678 3380; x_wconf 87' lang='lat' dir='ltr'><strong>igitur</strong></span> <span class='ocrx_word' id='word_1_156' title='bbox 709 3291 972 3376; x_wconf 84' lang='lat' dir='ltr'><strong>archiepiscopus</strong></span> <span class='ocrx_word' id='word_1_157' title='bbox 1010 3287 1215 3353; x_wconf 83' lang='lat' dir='ltr'><strong>Coloniensis</strong></span> 
     </span>
     <span class='ocr_line' id='line_1_24' title="bbox 166 3389 1215 3482; baseline -0.005 -23"><span class='ocrx_word' id='word_1_158' title='bbox 166 3417 278 3460; x_wconf 90' lang='lat' dir='ltr'><strong>omnes</strong></span> <span class='ocrx_word' id='word_1_159' title='bbox 302 3396 473 3461; x_wconf 85' lang='lat' dir='ltr'><strong>thesauros</strong></span> <span class='ocrx_word' id='word_1_160' title='bbox 496 3397 668 3482; x_wconf 89' lang='lat' dir='ltr'><strong>utriusque</strong></span> <span class='ocrx_word' id='word_1_161' title='bbox 692 3395 835 3460; x_wconf 88' lang='lat' dir='ltr'><strong>ecolesiae</strong></span> <span class='ocrx_word' id='word_1_162' title='bbox 851 3389 1000 3478; x_wconf 73' lang='lat' dir='ltr'><strong>accepit,⁵</strong></span> <span class='ocrx_word' id='word_1_163' title='bbox 1016 3391 1100 3456; x_wconf 89' lang='lat' dir='ltr'><strong>etin</strong></span> <span class='ocrx_word' id='word_1_164' title='bbox 1116 3412 1215 3477; x_wconf 88' lang='lat' dir='ltr'><strong>nego·</strong></span> 
     </span>
    </p>

    <p class='ocr_par' dir='ltr' id='par_1_10' title="bbox 165 3494 1215 3895">
     <span class='ocr_line' id='line_1_25' title="bbox 166 3494 1215 3584; baseline -0.003 -21"><span class='ocrx_word' id='word_1_165' title='bbox 166 3499 223 3563; x_wconf 89' lang='lat' dir='ltr'><strong>tiis</strong></span> <span class='ocrx_word' id='word_1_166' title='bbox 246 3499 403 3584; x_wconf 86' lang='lat' dir='ltr'><strong>expendit</strong></span> <span class='ocrx_word' id='word_1_167' title='bbox 426 3498 633 3564; x_wconf 90' lang='lat' dir='ltr'><strong>militaribus.</strong></span> <span class='ocrx_word' id='word_1_168' title='bbox 681 3496 890 3584; x_wconf 80' lang='lat' dir='ltr'><strong>Significavit</strong></span> <span class='ocrx_word' id='word_1_169' title='bbox 920 3497 1053 3581; x_wconf 88' lang='lat' dir='ltr'><strong>insuper</strong></span> <span class='ocrx_word' id='word_1_170' title='bbox 1083 3494 1215 3560; x_wconf 91' lang='lat' dir='ltr'><strong>dominc</strong></span> 
     </span>
     <span class='ocr_line' id='line_1_26' title="bbox 165 3597 1215 3687; baseline -0.003 -21"><span class='ocrx_word' id='word_1_171' title='bbox 165 3601 284 3687; x_wconf 88' lang='lat' dir='ltr'><strong>legato,</strong></span> <span class='ocrx_word' id='word_1_172' title='bbox 308 3602 425 3687; x_wconf 91' lang='lat' dir='ltr'><strong>quiin</strong></span> <span class='ocrx_word' id='word_1_173' title='bbox 446 3601 645 3666; x_wconf 80' lang='lat' dir='ltr'><strong>Alemannis</strong></span> <span class='ocrx_word' id='word_1_174' title='bbox 674 3600 808 3687; x_wconf 85' lang='lat' dir='ltr'><strong>negotia</strong></span> <span class='ocrx_word' id='word_1_175' title='bbox 842 3598 985 3664; x_wconf 84' lang='lat' dir='ltr'><strong>ecclesiae</strong></span> <span class='ocrx_word' id='word_1_176' title='bbox 1017 3597 1215 3683; x_wconf 88' lang='lat' dir='ltr'><strong>procuravit,</strong></span> 
     </span>
     <span class='ocr_line' id='line_1_27' title="bbox 165 3700 1214 3789; baseline -0.003 -22"><span class='ocrx_word' id='word_1_177' title='bbox 165 3703 318 3767; x_wconf 89' lang='lat' dir='ltr'><strong>dominus</strong></span> <span class='ocrx_word' id='word_1_178' title='bbox 342 3726 436 3789; x_wconf 87' lang='lat' dir='ltr'><strong>papa,</strong></span> <span class='ocrx_word' id='word_1_179' title='bbox 461 3709 500 3768; x_wconf 87' lang='lat' dir='ltr'><strong>ut</strong></span> <span class='ocrx_word' id='word_1_180' title='bbox 523 3703 606 3767; x_wconf 88' lang='lat' dir='ltr'><strong>bono</strong></span> <span class='ocrx_word' id='word_1_181' title='bbox 629 3724 723 3767; x_wconf 87' lang='lat' dir='ltr'><strong>suam</strong></span> <span class='ocrx_word' id='word_1_182' title='bbox 745 3701 888 3788; x_wconf 81' lang='lat' dir='ltr'><strong>gratiam</strong></span> <span class='ocrx_word' id='word_1_183' title='bbox 911 3706 946 3766; x_wconf 88' lang='lat' dir='ltr'><strong>ct</strong></span> <span class='ocrx_word' id='word_1_184' title='bbox 976 3700 1214 3765; x_wconf 72' lang='lat' dir='ltr'><strong>concessionem</strong></span> 
     </span>
     <span class='ocr_line' id='line_1_28' title="bbox 165 3806 804 3895; baseline -0.003 -24"><span class='ocrx_word' id='word_1_185' title='bbox 165 3811 297 3872; x_wconf 87' lang='lat' dir='ltr'><strong>curaret</strong></span> <span class='ocrx_word' id='word_1_186' title='bbox 320 3807 494 3871; x_wconf 89' lang='lat' dir='ltr'><strong>observare</strong></span> <span class='ocrx_word' id='word_1_187' title='bbox 515 3806 759 3871; x_wconf 87' lang='lat' dir='ltr'><strong>inviolabiliter.</strong></span> <span class='ocrx_word' id='word_1_188' title='bbox 800 3887 804 3895; x_wconf 92' lang='lat'>.</span> 
     </span>
    </p>
   </div>
   <div class='ocr_carea' id='block_1_9' title="bbox 1061 3970 1214 3982">
    <p class='ocr_par' dir='ltr' id='par_1_11' title="bbox 1061 3970 1214 3982">
     <span class='ocr_line' id='line_1_29' title="bbox 1061 3970 1214 3982; baseline 0 0"><span class='ocrx_word' id='word_1_189' title='bbox 1061 3970 1214 3982; x_wconf 66' lang='lat' dir='ltr'><strong>—n</strong></span> 
     </span>
    </p>
   </div>
   <div class='ocr_carea' id='block_1_10' title="bbox 157 4060 1220 4614">
    <p class='ocr_par' dir='ltr' id='par_1_12' title="bbox 157 4060 1220 4614">
     <span class='ocr_line' id='line_1_30' title="bbox 199 4060 1159 4136; baseline -0.005 -17"><span class='ocrx_word' id='word_1_190' title='bbox 199 4071 205 4101; x_wconf 95' lang='lat'><strong>¹</strong></span> <span class='ocrx_word' id='word_1_191' title='bbox 224 4070 346 4136; x_wconf 71' lang='lat' dir='ltr'><strong>mactem]</strong></span> <span class='ocrx_word' id='word_1_192' title='bbox 366 4071 409 4134; x_wconf 88' lang='lat' dir='ltr'><strong>qui</strong></span> <span class='ocrx_word' id='word_1_193' title='bbox 421 4079 542 4132; x_wconf 83' lang='lat' dir='ltr'><strong>sanctum,</strong></span> <span class='ocrx_word' id='word_1_194' title='bbox 553 4070 610 4121; x_wconf 90' lang='lat' dir='ltr'><strong>MS.</strong></span> <span class='ocrx_word' id='word_1_195' title='bbox 743 4068 754 4096; x_wconf 78' lang='lat'><strong>³</strong></span> <span class='ocrx_word' id='word_1_196' title='bbox 771 4065 886 4129; x_wconf 81' lang='lat' dir='ltr'><strong>episcopi,</strong></span> <span class='ocrx_word' id='word_1_197' title='bbox 899 4060 935 4129; x_wconf 79' lang='lat' dir='ltr'><strong>el]</strong></span> <span class='ocrx_word' id='word_1_198' title='bbox 955 4060 997 4114; x_wconf 85' lang='lat' dir='ltr'><strong>On</strong></span> <span class='ocrx_word' id='word_1_199' title='bbox 1008 4077 1041 4113; x_wconf 81' lang='lat' dir='ltr'><strong>an</strong></span> <span class='ocrx_word' id='word_1_200' title='bbox 1053 4077 1159 4114; x_wconf 83' lang='lat' dir='ltr'><strong>erasure.</strong></span> 
     </span>
     <span class='ocr_line' id='line_1_31' title="bbox 197 4149 1074 4239; baseline -0.001 -42"><span class='ocrx_word' id='word_1_201' title='bbox 197 4149 365 4216; x_wconf 72' lang='lat' dir='ltr'><strong>2dampnao]</strong></span> <span class='ocrx_word' id='word_1_202' title='bbox 386 4151 498 4215; x_wconf 83' lang='lat' dir='ltr'><strong>dampni,</strong></span> <span class='ocrx_word' id='word_1_203' title='bbox 519 4150 576 4200; x_wconf 88' lang='lat' dir='ltr'><strong>MS.</strong></span> <span class='ocrx_word' id='word_1_204' title='bbox 610 4149 666 4199; x_wconf 84' lang='lat' dir='ltr'><strong>Tha</strong></span> <span class='ocrx_word' id='word_1_205' title='bbox 743 4175 1015 4239; x_wconf 33' lang='lat' dir='ltr'><strong>&amp;enom-md·</strong></span> <span class='ocrx_word' id='word_1_206' title='bbox 1033 4179 1074 4226; x_wconf 42' lang='lat'><strong>45·</strong></span> 
     </span>
     <span class='ocr_line' id='line_1_32' title="bbox 164 4230 666 4297; baseline 0 -19"><span class='ocrx_word' id='word_1_207' title='bbox 164 4231 248 4280; x_wconf 71' lang='lat' dir='ltr'><strong>words</strong></span> <span class='ocrx_word' id='word_1_208' title='bbox 262 4231 322 4294; x_wconf 81' lang='lat' dir='ltr'><strong>qui.</strong></span> <span class='ocrx_word' id='word_1_209' title='bbox 336 4268 341 4279; x_wconf 91' lang='lat'>.</span> <span class='ocrx_word' id='word_1_210' title='bbox 361 4267 367 4279; x_wconf 94' lang='lat'>.</span> <span class='ocrx_word' id='word_1_211' title='bbox 379 4231 506 4297; x_wconf 80' lang='lat' dir='ltr'><strong>dampnati</strong></span> <span class='ocrx_word' id='word_1_212' title='bbox 517 4245 558 4280; x_wconf 87' lang='lat' dir='ltr'><strong>are</strong></span> <span class='ocrx_word' id='word_1_213' title='bbox 567 4230 666 4279; x_wconf 79' lang='lat' dir='ltr'><strong>written</strong></span> 
     </span>
     <span class='ocr_line' id='line_1_33' title="bbox 166 4304 1213 4375; baseline -0.008 -16"><span class='ocrx_word' id='word_1_214' title='bbox 166 4326 226 4359; x_wconf 77' lang='lat' dir='ltr'><strong>orer</strong></span> <span class='ocrx_word' id='word_1_215' title='bbox 245 4324 278 4359; x_wconf 89' lang='lat' dir='ltr'><strong>an</strong></span> <span class='ocrx_word' id='word_1_216' title='bbox 297 4325 405 4369; x_wconf 79' lang='lat' dir='ltr'><strong>erasme,</strong></span> <span class='ocrx_word' id='word_1_217' title='bbox 416 4312 499 4375; x_wconf 78' lang='lat' dir='ltr'><strong>partly</strong></span> <span class='ocrx_word' id='word_1_218' title='bbox 511 4310 629 4373; x_wconf 86' lang='lat' dir='ltr'><strong>onaslip</strong></span> <span class='ocrx_word' id='word_1_219' title='bbox 640 4310 670 4359; x_wconf 82' lang='lat' dir='ltr'><strong>of</strong></span> <span class='ocrx_word' id='word_1_220' title='bbox 743 4306 880 4372; x_wconf 74' lang='lat' dir='ltr'><strong>⁵orcepit]</strong></span> <span class='ocrx_word' id='word_1_221' title='bbox 934 4304 1078 4369; x_wconf 80' lang='lat' dir='ltr'><strong>Originally</strong></span> <span class='ocrx_word' id='word_1_222' title='bbox 1115 4304 1213 4354; x_wconf 79' lang='lat' dir='ltr'><strong>written</strong></span> 
     </span>
     <span class='ocr_line' id='line_1_34' title="bbox 164 4382 1220 4453; baseline -0.006 -16"><span class='ocrx_word' id='word_1_223' title='bbox 164 4390 350 4453; x_wconf 82' lang='lat' dir='ltr'><strong>vellumpaeted</strong></span> <span class='ocrx_word' id='word_1_224' title='bbox 358 4392 437 4439; x_wconf 84' lang='lat' dir='ltr'><strong>above</strong></span> <span class='ocrx_word' id='word_1_225' title='bbox 446 4391 496 4439; x_wconf 86' lang='lat' dir='ltr'><strong>and</strong></span> <span class='ocrx_word' id='word_1_226' title='bbox 503 4389 584 4453; x_wconf 86' lang='lat' dir='ltr'><strong>partly</strong></span> <span class='ocrx_word' id='word_1_227' title='bbox 591 4389 617 4436; x_wconf 92' lang='lat' dir='ltr'><strong>in</strong></span> <span class='ocrx_word' id='word_1_228' title='bbox 624 4388 666 4438; x_wconf 86' lang='lat' dir='ltr'><strong>thc</strong></span> <span class='ocrx_word' id='word_1_229' title='bbox 710 4386 812 4447; x_wconf 53' lang='lat' dir='ltr'><strong>ahtau,</strong></span> <span class='ocrx_word' id='word_1_230' title='bbox 823 4387 869 4436; x_wconf 89' lang='lat' dir='ltr'><strong>but</strong></span> <span class='ocrx_word' id='word_1_231' title='bbox 888 4386 1017 4435; x_wconf 82' lang='lat' dir='ltr'><strong>corrected</strong></span> <span class='ocrx_word' id='word_1_232' title='bbox 1036 4399 1069 4433; x_wconf 90' lang='lat' dir='ltr'><strong>ou</strong></span> <span class='ocrx_word' id='word_1_233' title='bbox 1087 4398 1103 4433; x_wconf 78' lang='lat' dir='ltr'><strong>a</strong></span> <span class='ocrx_word' id='word_1_234' title='bbox 1119 4383 1168 4447; x_wconf 89' lang='lat' dir='ltr'><strong>elip</strong></span> <span class='ocrx_word' id='word_1_235' title='bbox 1188 4382 1220 4432; x_wconf 83' lang='lat' dir='ltr'><strong>of</strong></span> 
     </span>
     <span class='ocr_line' id='line_1_35' title="bbox 165 4466 1003 4533; baseline -0.007 -15"><span class='ocrx_word' id='word_1_236' title='bbox 165 4469 271 4533; x_wconf 77' lang='lat' dir='ltr'><strong>margin.</strong></span> <span class='ocrx_word' id='word_1_237' title='bbox 290 4469 347 4519; x_wconf 84' lang='lat' dir='ltr'><strong>The</strong></span> <span class='ocrx_word' id='word_1_238' title='bbox 359 4477 413 4519; x_wconf 84' lang='lat' dir='ltr'><strong>text</strong></span> <span class='ocrx_word' id='word_1_239' title='bbox 425 4477 450 4519; x_wconf 90' lang='lat' dir='ltr'><strong>at</strong></span> <span class='ocrx_word' id='word_1_240' title='bbox 458 4469 514 4519; x_wconf 88' lang='lat' dir='ltr'><strong>first</strong></span> <span class='ocrx_word' id='word_1_241' title='bbox 522 4469 593 4518; x_wconf 88' lang='lat' dir='ltr'><strong>stood</strong></span> <span class='ocrx_word' id='word_1_242' title='bbox 601 4467 666 4524; x_wconf 84' lang='lat' dir='ltr'><strong>thus,</strong></span> <span class='ocrx_word' id='word_1_243' title='bbox 714 4467 807 4517; x_wconf 84' lang='lat' dir='ltr'><strong>vellum</strong></span> <span class='ocrx_word' id='word_1_244' title='bbox 818 4467 906 4530; x_wconf 84' lang='lat' dir='ltr'><strong>pasted</strong></span> <span class='ocrx_word' id='word_1_245' title='bbox 917 4466 1003 4515; x_wconf 80' lang='lat' dir='ltr'><strong>above.</strong></span> 
     </span>
     <span class='ocr_line' id='line_1_36' title="bbox 157 4506 694 4614; baseline 0.007 -21"><span class='ocrx_word' id='word_1_246' title='bbox 157 4549 245 4610; x_wconf 75' lang='lat' dir='ltr'><strong>jurati</strong></span> <span class='ocrx_word' id='word_1_247' title='bbox 255 4556 311 4597; x_wconf 79' lang='lat' dir='ltr'><strong>sunt</strong></span> <span class='ocrx_word' id='word_1_248' title='bbox 322 4565 410 4612; x_wconf 78' lang='lat' dir='ltr'><strong>corpus</strong></span> <span class='ocrx_word' id='word_1_249' title='bbox 422 4550 506 4614; x_wconf 61' lang='lat' dir='ltr'><strong>psius,</strong></span> <span class='ocrx_word' id='word_1_250' title='bbox 519 4563 545 4597; x_wconf 82' lang='lat' dir='ltr'><strong>as</strong></span> <span class='ocrx_word' id='word_1_251' title='bbox 557 4547 583 4596; x_wconf 91' lang='lat' dir='ltr'><strong>iu</strong></span> <span class='ocrx_word' id='word_1_252' title='bbox 594 4547 624 4597; x_wconf 92' lang='lat' dir='ltr'><strong>B.</strong></span> <span class='ocrx_word' id='word_1_253' title='bbox 638 4547 666 4597; x_wconf 81' lang='lat' dir='ltr'><strong>C.</strong></span> <span class='ocrx_word' id='word_1_254' title='bbox 690 4506 694 4607; x_wconf 82' lang='lat' dir='ltr'><strong>l</strong></span> 
     </span>
    </p>
   </div>
   <div class='ocr_carea' id='block_1_11' title="bbox 0 0 1534 5468">
    <p class='ocr_par' dir='ltr' id='par_1_13' title="bbox 0 0 1534 5468">
     <span class='ocr_line' id='line_1_37' title="bbox 0 0 1534 5468; baseline 0 0"><span class='ocrx_word' id='word_1_255' title='bbox 0 0 1534 5468; x_wconf 95' lang='lat' dir='ltr'><strong> </strong></span> 
     </span>
    </p>
   </div>
  </div>
 </body>
</html>
