3060 5468
494 715 540 764 na
561 713 720 764 rmrrosn
743 713 844 764 auore
866 710 1017 763 moseos
1214 697 1278 760 215

233 889 402 953 adventare,
423 887 557 943 tentoriis
575 887 748 944 festinanter
767 905 881 944 summo
904 898 989 943 mane
1012 887 1133 953 avulsis,
1153 887 1278 957 aufugit.

235 973 449 1045 Superveniens
475 978 573 1028 autern
597 991 658 1039 rex,
685 973 780 1028 multa
806 991 872 1044 quae
898 973 1071 1028 festinantes
1100 971 1281 1042 reliquerant

232 1058 264 1112 in
281 1059 432 1130 proprium
444 1057 619 1113 vendicavit.
658 1056 773 1111 Deinde
791 1073 889 1112 omnes
908 1056 1141 1112 adversariorum
1159 1072 1280 1111 suorum

232 1142 408 1197 munitiones
427 1146 457 1196 et
474 1147 569 1195 terras
588 1141 651 1195 sine
670 1140 752 1195 obice
769 1140 1006 1196 contradictionis
1017 1157 1172 1211 occupans,
1185 1155 1279 1209 usqne

233 1226 270 1280 ad
288 1225 531 1281 Omnem-Karoli
549 1224 745 1280 formidabilis
769 1224 941 1288 hebebatur,
960 1241 1014 1279 neo
1032 1229 1096 1279 erat
1114 1224 1165 1295 qui
1183 1223 1280 1278 eidem

232 1310 351 1365 rebellis
379 1310 569 1365 inveniretur.
621 1308 770 1363 Henricus
795 1308 989 1363 Merescallus
1009 1348 1016 1363 .
1038 1341 1045 1362 .
1068 1349 1075 1362 .
1095 1307 1276 1362 Fxoniensis.
1418 1368 1420 1372 Α

232 1394 356 1464 Treugae
375 1401 467 1464 captae
486 1400 554 1448 sunt
571 1393 648 1448 inter
672 1410 767 1463 reges.
814 1392 937 1447 Alexius
961 1391 1088 1462 quidam,
1110 1430 1117 1446 .
1140 1430 1146 1446 .
1169 1432 1176 1445 .
1196 1390 1440 1464 inno-unsara-

232 1477 365 1531 merabili
384 1482 563 1532 armatorum
581 1476 665 1546 copia
687 1481 875 1546 congregata,
897 1475 1016 1540 Oursao,
1036 1481 1107 1530 tono
1124 1475 1280 1545 imperato·
1291 1466 1372 1544 1⁰¹⁰?
1380 1466 1446 1517 0⁰ss-

231 1578 294 1615 rem
313 1560 672 1632 constantinopolitanum,
698 1560 775 1631 cepit
792 1559 938 1615 hostiliter
956 1557 1166 1630 aggressum3¹
1186 1563 1216 1613 ot
1233 1576 1280 1612 ex·
1292 1535 1442 1636 imntlfwle

232 1651 371 1699 cacatum
397 1649 427 1699 et
452 1643 662 1699 ementulatum
687 1650 828 1715 perpetuo
854 1645 967 1700 carceri
992 1642 1178 1714 mancipavit.
1216 1613 1377 1715 Rexffined·

232 1728 411 1784 Francorum
435 1730 610 1799 sollempnes
621 1755 624 1762 ·
635 1729 757 1783 nuncios
776 1728 813 1784 ad
830 1746 932 1800 regem
953 1728 1113 1783 Ricardum
1131 1726 1279 1782 destinans

231 1815 344 1885 petivit,
363 1819 398 1869 ut
417 1814 529 1885 absque
549 1812 654 1884 meu‘ori
676 1812 800 1884 dampno
817 1813 993 1886 populorum
1009 1813 1165 1882 utriusque
1182 1811 1278 1882 regni,

62 1905 105 1954 fol.
118 1910 152 1954 34
161 1904 184 1955 t.
230 1915 330 1968 pugna
348 1900 478 1969 quinque
496 1899 628 1953 virorum
652 1897 812 1952 eleotorum
829 1897 984 1967 utrobique
1008 1897 1046 1951 lis
1070 1895 1280 1951 dirimeretur.²

62 1989 128 2047 Ibis,
140 1990 167 2041 ii.
178 1996 217 2041 50.
231 1981 347 2036 Placuit
365 1987 464 2036 autem
481 1982 545 2036 haeo
561 1980 692 2052 provisio
709 1981 776 2050 regi
796 2021 803 2035 .
825 2020 833 2035 .
856 2020 862 2035 .
885 2018 892 2035 .
912 1981 1070 2035 recusavit.

266 2096 424 2142 u⁰.c⁰.xcv⁰.
461 2088 524 2142 Rex
542 2088 687 2142 Ricardus
705 2106 758 2158 per
781 2088 903 2143 nuncios
917 2086 1111 2158 sollempnes³
1128 2105 1211 2159 papa)
1229 2086 1279 2142 de·
1291 2099 1403 2151 Richffld

233 2172 354 2226 stinatos
385 2188 505 2242 gravem
537 2171 750 2242 querimoniam
774 2169 902 2227 deduce
934 2169 1109 2242 [nustriae]⁴
1139 2171 1277 2242 reposuit,
1292 2169 1431 2232 complains

233 2255 310 2325 quod
322 2255 419 2326 ipsum
431 2255 494 2310 Deo
506 2254 683 2311 militantem
701 2261 732 2310 et
749 2255 785 2310 de
804 2255 1039 2327 peregrinatione
1052 2273 1106 2310 sua
1123 2260 1183 2310 tam
1200 2255 1280 2310 labo·
1291 2241 1318 2284 ω
1329 2235 1372 2285 ²¹¹⁸
1382 2251 1447 2300 P⁰P⁶

232 2340 311 2393 riosa
327 2337 497 2394 redeuntem
516 2339 603 2410 oepit,
623 2345 653 2394 et
676 2339 844 2394 indecenter
860 2339 970 2404 afflixit,
990 2339 1227 2411 imperatorique,
1246 2301 1448 2421 aogiffiffle

232 2422 257 2477 si
276 2422 328 2478 bos
347 2428 424 2478 esset
441 2423 489 2477 vel
515 2423 623 2487 asinus,
651 2422 792 2488 vendidit,
819 2441 871 2495 per
899 2422 977 2495 qnod
994 2440 1119 2494 regnum
1136 2423 1281 2495 depaupe·

230 2525 296 2561 rare
315 2508 491 2579 cogebatur,
512 2507 554 2562 ita
573 2507 652 2577 quod
669 2508 790 2578 gravior
809 2514 873 2563 erat
890 2507 946 2574 illi,
968 2525 1055 2577 quam
1074 2508 1100 2563 si
1117 2507 1181 2579 ipse
1200 2505 1281 2564 Sala-

231 2590 316 2647 dinus
350 2589 568 2662 paganissimus
603 2591 738 2662 cepisset,
775 2591 853 2662 quod
878 2598 908 2647 ot
931 2592 996 2663 ipse
1027 2591 1182 2647 Saladinus
1213 2597 1280 2648 ante

231 2681 355 2730 mortem
381 2680 560 2745 protestatus
579 2681 633 2729 est.
671 2675 764 2730 Porro
789 2693 888 2730 omnes
914 2676 1135 2748 peregrinantes
1163 2683 1281 2748 ceperat

231 2759 355 2814 ecclesia
373 2759 499 2814 ineundo
526 2764 557 2814 et
581 2759 741 2824 redeundo,
762 2766 792 2814 et
810 2759 937 2813 maxime
956 2777 1005 2814 eos
1025 2760 1076 2830 qui
1099 2759 1197 2814 redire
1215 2778 1281 2830 pro·

229 2849 396 2916 posuerant,
424 2862 519 2914 usque
538 2843 576 2898 ad
595 2843 765 2909 triennium,
785 2844 841 2899 sub
859 2861 946 2914 pinna
964 2844 1278 2909 excommunicationis,

229 2928 432 3000 protegendos.
471 2928 553 3000 Papa
565 2928 659 2998 igitur
674 2967 704 2982 ..
726 2969 732 2982 .
756 2969 762 2981 .
785 2970 791 2982 .
818 2928 869 2999 qui
881 2927 1042 2981 universali
1060 2928 1192 2982 eoolesiae
1212 2967 1219 2982 .
1242 2965 1249 2982 .
1271 2969 1277 2982 .

228 3014 325 3067 lacere
345 3012 502 3076 renuisset,
522 3029 599 3082 papa
617 3030 685 3066 eum
703 3011 816 3066 cunctis
835 3009 1032 3065 cardinalibus
1052 3052 1059 3065 .
1087 3051 1093 3065 .
1114 3051 1121 3065 .
1143 3051 1150 3066 .
1171 3010 1280 3066 denun-

228 3097 321 3162 cietis,
336 3099 404 3162 dux,
425 3097 560 3151 omnibus
580 3097 696 3167 spretis,
711 3092 863 3151 humiliari
880 3096 1036 3151 recusavit.
1072 3095 1217 3150 Percussa
1234 3101 1280 3151 est

305 3221 311 3235 .
334 3220 341 3235 .
361 3182 520 3236 derivatus.
553 3181 609 3234 Die
623 3198 693 3236 vero
713 3180 805 3235 saneti
820 3179 969 3250 Stephani,
983 3179 1054 3233 dum
1072 3179 1130 3232 dux
1142 3185 1279 3249 pergeret
1315 3199 1346 3242 26
1359 3192 1420 3244 Dec,

229 3265 401 3336 spaciatum,
432 3266 496 3336 ojus
524 3282 617 3336 equus
644 3264 779 3328 offensus,
798 3264 901 3317 tibiam
919 3263 983 3332 ejus
1002 3280 1068 3317 oum
1087 3263 1160 3333 pede
1178 3263 1216 3317 ad
1233 3274 1415 3327 ar-Deathos

228 3351 328 3404 borem
347 3351 478 3421 graviter
497 3350 641 3404 contrivit.
678 3348 763 3403 Unde
788 3348 846 3402 cito
873 3353 949 3417 post,
980 3347 1050 3417 igne
1077 3346 1186 3401 ibidem
1212 3341 1418 3420 per-thedsslke,

229 3452 332 3488 cussus
358 3435 506 3497 infernali,
535 3452 602 3487 cum
629 3449 686 3487 non
712 3437 812 3502 posset
835 3430 997 3485 cruciatum
1018 3431 1152 3494 tolerare,
1172 3431 1276 3501 pedem
1288 3413 1436 3524 3⁰⁰⁸⁸¹⁰¹¹⁰d

228 3518 347 3572 dolabro
377 3518 447 3572 lecit
477 3518 631 3588 amputari,
664 3522 694 3571 et
724 3518 766 3571 sio
795 3517 934 3570 miseram
964 3516 1089 3570 animam
1120 3516 1274 3570 exhalavit.
1288 3492 1409 3594 afflat·

60 3600 126 3651 lbid
139 3599 165 3651 ii.
176 3608 214 3652 54.
229 3603 392 3672 Imperator
422 3602 570 3657 Henricus
602 3602 774 3672 subjugavit
793 3638 918 3656 .....
938 3600 1106 3654 debebatur.
1157 3599 1219 3653 Rex
1240 3600 1276 3653 do

227 3687 342 3741 Marroc
362 3724 544 3741 .......
565 3693 702 3757 coegerat
725 3684 858 3740 retroire.
897 3683 1004 3739 Omnes
1022 3685 1115 3753 igitur
1133 3684 1276 3738 increduli

228 3788 334 3841 pavore
352 3770 491 3840 perculsi,
507 3771 544 3824 ad
561 3773 680 3842 propria
698 3771 831 3826 certatim
850 3775 919 3825 suut
936 3769 1056 3823 reversi.
1094 3768 1175 3823 Obiit
1193 3767 1276 3823 Gari-
1288 3778 1414 3831 Deathos

228 3872 293 3918 nus,
314 3855 401 3908 abbas
421 3855 553 3910 ccclesias
573 3855 672 3910 Sancti
690 3855 808 3920 Albani,
829 3855 878 3909 oui
901 3854 1043 3909 successit
1066 3854 1208 3923 magister
1227 3853 1275 3907 Jo·
1288 3847 1364 3896 abbat

228 3939 337 3993 hannes
356 3939 391 3992 de
411 3937 501 3992 Cella.
540 3939 620 4009 Papa
644 3939 810 3994 Golostinus
831 3979 837 3992 .
860 3980 867 3992 .
889 3979 896 3993 .
916 3939 1057 4008 legatum.
1094 3911 1402 4032 Admonetur{Zilffihge

74 4035 117 4086 s01,
131 4042 163 4086 35
175 4054 200 4087 a,
230 4020 324 4090 [roxP
350 4021 529 4076 Francorum
558 4021 727 4078 rosumere⁶
750 4039 870 4077 uxorem
895 4039 987 4086 suam,
1015 4021 1185 4078 auctoritate
1210 4041 1277 4094 apo·
1289 4046 1360 4098 (3211a
1372 4063 1426 4099 suc.

58 4116 122 4167 Ibid
136 4117 163 4166 ii.
177 4122 215 4168 56.
228 4107 339 4161 stolica.
377 4107 556 4160 Procuranto
575 4125 646 4177 rego
666 4145 849 4160 .......
870 4105 1090 4160 absolutionem.
1289 4117 1370 4164 sads.

263 4221 436 4266 n⁰.c⁰.xcv1⁰.
476 4214 566 4268 Facta
591 4220 636 4267 est
660 4214 741 4283 pacis
766 4213 919 4267 conventio
939 4211 1065 4267 salubris
1083 4213 1160 4268 inter
1177 4231 1272 4285 reges.
1288 4221 1399 4271 Warre·

230 4296 287 4350 Sed
317 4297 514 4365 malignorum
539 4297 634 4350 sibilis
659 4315 710 4351 rex
736 4297 916 4352 Francorum
944 4296 1160 4353 circumventus
1188 4290 1374 4402 coepitgeltaed

1305 4370 1319 4403 e
1354 4371 1398 4404 een

262 4481 268 4512 ¹
287 4482 437 4546 oppressam]
456 4495 592 4545 agressum,
604 4481 660 4531 MS.
811 4482 820 4512 ⁴
839 4482 961 4548 dustria]
982 4483 1091 4534 Omitted
1103 4483 1130 4531 in
1142 4483 1197 4532 MS.

262 4561 272 4591 2
290 4561 456 4626 dirimeretur]
477 4560 645 4622 diremeretur,
655 4560 711 4610 MS.
810 4563 820 4591 ·'‘
838 4563 895 4626 rer]
915 4562 1026 4612 Omitted
1037 4561 1063 4609 in
1073 4561 1130 4610 MS.

262 4642 272 4670 ³¹
289 4639 441 4707 sollempnes]
461 4641 610 4704 solempnos,
621 4640 677 4691 MS.
811 4641 821 4671 ⁶
838 4641 970 4706 ramere]
989 4654 1125 4700 rusumere,
1136 4638 1191 4687 MS.
