3060 5474
301 694 346 760 72
429 704 597 757 narrans
620 705 836 759 rsnrsrnrsrs
859 709 1024 761 maroam
1047 711 1250 762 sacrosan.

133 885 289 978 Amisso.
303 880 434 962 Quibus
457 887 616 968 exparte
639 883 766 949 domini
789 886 874 972 regis
900 886 1121 973 supplicatum
1153 891 1212 966 est,
1236 891 1276 951 ut
1298 906 1358 973 pro

133 966 291 1084 {lfflffll'
304 984 375 1050 Deo
397 985 608 1051 remitterent
631 987 662 1051 ei
686 1009 799 1053 omnes
822 988 971 1066 offensas,
994 988 1135 1073 injurias
1158 992 1193 1052 et
1215 993 1358 1075 peccata,

134 1116 166 1150 on
183 1071 291 1150 aoeouni
304 1085 425 1172 quibus
448 1086 537 1173 ipse¹
563 1110 597 1152 se
612 1089 755 1155 timebat
770 1090 902 1168 irretiri,
920 1112 1033 1155 eorum
1048 1090 1223 1177 pecuniam
1237 1089 1359 1154 multo·

134 1167 292 1297 ffiffim
304 1188 391 1254 tiens
413 1194 448 1254 et
470 1190 700 1277 multipliciter
729 1190 940 1278 accipiendo²
962 1215 1020 1279 per
1050 1192 1168 1270 tallias,
1191 1214 1249 1279 per
1271 1191 1360 1277 inju-

134 1300 257 1350 orthem·
303 1292 407 1356 riosas
422 1293 634 1373 extorsiones,
650 1298 721 1359 tam
736 1295 1021 1361 mercimoniorum
1040 1317 1140 1380 quam
1155 1293 1358 1386 victualium,

304 1414 386 1479 quas
410 1394 519 1459 Prisas
541 1401 669 1473 vocant,
686 1401 800 1462 contra
822 1396 944 1462 civium
968 1397 1179 1462 voluntatem
1201 1401 1237 1461 et
1259 1396 1358 1462 liber-

305 1500 416 1562 tatem.
464 1496 537 1560 Rex
560 1502 674 1562 tamen
696 1498 733 1562 in
755 1498 814 1562 illa
840 1499 1079 1585 supplicatione
1101 1500 1187 1564 laesis
1209 1498 1262 1564 vel
1284 1521 1358 1585 spo-

304 1597 394 1662 liatis
417 1597 502 1662 nihil
525 1599 693 1665 satisfecit.
739 1600 839 1666 Cives
862 1606 973 1666 tamen
1003 1601 1155 1666 videntes
1179 1600 1271 1665 aliud
1294 1599 1359 1666 sibi
1384 1611 1427 1663 soa
1440 1616 1486 1664 147
1496 1611 1520 1664 t.

137 1714 265 1764 uerenda
305 1722 373 1765 non
395 1701 557 1786 expedire,
582 1703 693 1767 omnia
715 1703 858 1790 benigne
888 1703 1093 1769 remiserunt.
1150 1703 1224 1768 Rex
1252 1702 1360 1788 igitur

137 1781 292 1897 {ssffi’lpe
305 1802 529 1867 incontinenti
545 1803 588 1867 ad
604 1804 775 1869 dominum
798 1826 917 1893 papam
941 1804 1080 1870 nuncios
1103 1804 1287 1870 destinavit
1303 1826 1360 1870 ex-

137 1913 266 1979 authority
306 1906 444 1993 peditus,
461 1905 505 1970 ad
520 1906 765 1993 impediendum
789 1929 997 1995 progressum
1019 1913 1213 1994 magnatum
1229 1906 1361 1993 Angliae

136 1987 294 2111 ffiffiffih
305 2008 612 2093 crucesignatorum,
637 2013 677 2072 ut
696 2010 806 2094 potius
829 2009 916 2096 regis
937 2009 1117 2074 transitum
1141 2012 1361 2096 expectarent.

137 2114 266 2165 emacem
308 2110 372 2176 Oui
398 2110 551 2175 dominus
581 2133 674 2197 papa,
697 2112 874 2189 immemor,
899 2117 938 2176 ut
968 2109 1115 2191 (licitur,8
1145 2110 1231 2197 regis
1255 2110 1361 2174 Fran·

136 2178 266 2312 iffi?
307 2235 419 2278 corum
451 2212 524 2278 Deo
562 2214 598 2277 in
631 2215 732 2278 Terra
770 2214 894 2279 Sancta
927 2213 1113 2294 militantis,
1146 2218 1181 2277 et
1218 2212 1362 2299 impetus

308 2315 560 2381 Sarracenorum
583 2315 766 2381 cotidianos
799 2315 1002 2395 sustinentia,
1027 2336 1195 2381 assensum
1220 2314 1363 2401 praebuit

155 2432 186 2480 2⁷
199 2429 283 2508 april.
307 2418 526 2504 repentinum.
574 2418 746 2504 Magnatcs
769 2423 880 2483 autem
908 2417 1042 2483 interim
1075 2418 1136 2482 hoc
1170 2417 1363 2496 nescientes,

138 2496 254 2562 Meesng
268 2496 350 2586 ⁰fv0.
382 2520 544 2585 kalendas
575 2520 657 2584 Maii
691 2520 875 2586 Londoniis
906 2518 996 2607 apud
1029 2518 1288 2585 Bermundeshei
1323 2518 1364 2583 de

138 2563 208 2613 those
218 2563 278 2613 who

136 2628 277 2746 &offis
307 2623 473 2689 communi
495 2645 627 2687 assensu
661 2629 897 2704 convenerunt,
931 2622 972 2687 de
1010 2644 1070 2687 sua
1101 2620 1365 2709 peregrinatione

138 2763 239 2813 affl„
306 2720 492 2792 tractaturi.
541 2724 618 2789 Non
641 2725 847 2790 mediocriter
869 2723 957 2789 enim
981 2723 1200 2789 condolebant
1223 2722 1365 2786 Franco·

137 2830 269 2895 mondsey.
306 2851 379 2893 rum
403 2827 471 2913 regi
495 2833 529 2891 et
552 2825 735 2892 exercitui⁴
752 2826 950 2906 Christiano,
967 2847 1036 2891 sese
1051 2847 1110 2912 pro
1134 2825 1267 2890 ecclesia
1288 2824 1364 2889 uni-

139 2945 195 2996 The
205 2947 247 3011 bp.
259 2946 290 2995 of
310 2929 426 2994 vezsali
443 2929 560 2994 mortis
576 2929 731 3015 periculis
747 2929 935 3016 exponenti.
976 2928 1086 3014 Hujus
1102 2925 1363 3014 congregationis

137 3011 282 3143 avggffi‘
307 3037 343 3097 et
365 3032 494 3098 concilii
519 3032 710 3118 capitaneus
732 3031 1000 3097 constituebatur
1034 3030 1206 3116 episcopus
1233 3030 1361 3116 Wigor-

137 3144 205 3195 their
214 3147 288 3196 head.
306 3135 431 3200 niensis
454 3135 629 3211 Walterus,
645 3134 898 3221 crucesignatus.
946 3132 991 3197 Et
1014 3155 1088 3198 cunr
1112 3131 1364 3197 constituissent

307 3236 371 3302 sibi
395 3237 577 3301 terminum
605 3259 673 3302 suae
704 3234 886 3301 communis
917 3233 1083 3312 motionis,
1105 3233 1226 3298 festum
1256 3233 1378 3307 sancti¹

156 3348 278 3401 serune-
311 3338 476 3403 Jolrannis
514 3337 686 3424 Baptistae,
723 3360 803 3417 ecce,
839 3342 910 3402 tam
947 3335 1068 3422 regalis
1106 3357 1204 3421 quarn
1238 3335 1365 3422 papalis

138 3432 279 3549 Thffl'b'ssffl
310 3461 429 3527 urgens
452 3438 641 3524 prohibitio,
664 3462 707 3504 ne
730 3439 853 3504 scilicet
885 3443 964 3503 ante
997 3437 1084 3525 regis
1118 3437 1297 3502 transitum
1328 3461 1363 3503 se

139 3514 245 3616 irinati
262 3515 297 3548 ⁰¹¹
310 3543 475 3607 ullatenus
498 3563 629 3606 movere
652 3545 898 3627 praesumerent,
923 3540 1008 3605 sicut
1040 3545 1145 3605 terras
1175 3543 1209 3605 et
1237 3559 1362 3625 posses-

139 3631 272 3683 knownto
308 3646 416 3711 siones
438 3667 514 3710 suas
536 3643 721 3728 diligebant
744 3648 779 3709 et
799 3641 1149 3707 excommunicationis
1163 3642 1363 3706 seutentiam

139 3697 277 3830 pamm
309 3748 463 3812 devitare.
511 3745 606 3826 Quod
629 3766 704 3810 cum
727 3744 976 3833 intelligeretur,
1008 3733 1120 3808 tristes
1153 3739 1196 3807 ad
1230 3745 1363 3830 propria

138 3839 197 3881 ‘⁰¹¹¹
213 3833 295 3882 home.
307 3854 504 3924 remearunt,
526 3846 670 3932 turpiter
693 3847 830 3934 decepti,
846 3846 934 3933 quod
956 3868 1033 3911 suas
1056 3852 1160 3910 terras
1183 3850 1216 3910 et
1238 3868 1362 3931 posses·

308 3952 414 4016 siones
436 3949 580 4014 inaniter
603 3948 638 4013 in
662 3971 827 4014 armorum
851 3954 885 4014 et
907 3969 1065 4034 equorum
1095 3953 1197 4033 atque
1223 3948 1363 4012 viatico-

310 4121 412 4128 ...-
428 4120 647 4126 .--...-..
662 4117 1138 4125 -..--.,.,,..-......-....-.....--Λ,,.-
1158 4118 1355 4133 ..α-..-ἽΝ

310 4215 394 4266 before
406 4214 448 4264 the
461 4214 509 4263 last
520 4212 631 4276 chapter,
645 4214 696 4263 and
706 4213 752 4263 has
761 4212 811 4262 this
857 4213 945 4278 dently
962 4226 1069 4277 wrong;
1087 4213 1138 4262 and
1156 4210 1183 4261 in
1200 4211 1244 4262 the
1261 4210 1361 4276 margin

309 4294 430 4358 hesding,
450 4296 465 4320 ‘⁶
477 4291 598 4342 Dominus
621 4307 665 4340 res
685 4293 749 4355 petit
772 4308 810 4341 re·
856 4307 894 4342 we
905 4291 969 4342 have
977 4291 1144 4357 precipiendo,
1157 4291 1214 4340 half
1221 4292 1315 4341 erased.

309 4376 375 4423 aiom
386 4389 403 4421 a
414 4370 507 4421 civitas
522 4369 727 4420 Londoniomm.’'
889 4369 900 4401 ³
917 4372 1043 4431 imoremor,
1055 4379 1081 4419 ut
1092 4369 1195 4434 dicitnr]
1210 4370 1251 4421 On
1263 4385 1296 4419 an
1307 4384 1362 4420 eru·

343 4453 349 4484 ¹
370 4452 434 4517 ipse]
455 4451 494 4501 On
507 4466 539 4498 an
552 4465 660 4500 erasure.
857 4463 921 4498 sure.

342 4529 523 4594 suscipiendo]
544 4530 574 4577 ln
595 4530 637 4579 the
658 4537 719 4589 text,
739 4545 809 4578 occe·
893 4527 1046 4591 *ere›·eitui]
1077 4525 1222 4585 excercitui,
1246 4526 1311 4588 MS,
1332 4543 1360 4576 as

306 4620 388 4676 perat,
399 4626 433 4661 on
452 4625 484 4660 sn
496 4623 604 4670 erasure,
617 4608 700 4657 which
720 4609 741 4657 is
758 4607 810 4658 evi·
856 4606 997 4657 elsewhere.
