3060 5474
326 748 372 797 or
393 747 550 799 murone
572 750 672 800 rums
694 751 841 799 uramur
864 751 985 800 raum.
1105 739 1165 802 291

133 925 326 992 oongregeta3
349 928 380 977 et
396 941 497 994 regem
512 924 574 994 jem
592 941 695 980 versus
715 923 846 980 Scooiam
868 925 932 978 lora
948 924 1124 994 dirigentem
1142 928 1172 976 et
1184 931 1252 983 Aul).
1266 937 1337 983 12⁴4.

132 1003 249 1068 mille,
269 1005 447 1075 pedetentim
468 1009 652 1077 sequebatur.
690 1009 748 1061 Per
771 1008 848 1062 idem
872 1014 987 1079 tempus
1006 1024 1073 1077 pers
1091 1006 1171 1077 regis

134 1086 288 1144 Scotorum
305 1106 362 1144 non
380 1090 566 1146 mediocriter
585 1098 629 1146 est
650 1091 833 1156 infirmata;¹
863 1091 939 1145 unde
957 1091 1095 1162 poenituit
1109 1090 1171 1160 jam

132 1170 229 1241 ipsum
261 1179 362 1228 contra
390 1191 492 1244 regem
528 1175 692 1245 Anglorum
721 1175 930 1230 recalcitrasee.
976 1174 1170 1245 Engelramue
1184 1183 1307 1232 Deathof

133 1254 211 1310 enim
236 1255 272 1310 de
300 1255 407 1328 Ouscy,
435 1275 518 1312 socer
544 1259 618 1329 ejus,
640 1259 690 1328 qui
718 1257 813 1316 sidem
839 1258 904 1328 regi
931 1258 1050 1322 Scooiae,
1071 1257 1172 1328 generi
1184 1248 1316 1311 Enitfllm

132 1355 195 1401 suo,
214 1340 341 1394 militare
360 1341 529 1411 praesidium
552 1342 727 1410 promiserat
750 1359 803 1412 per
830 1359 910 1395 mare
937 1341 1120 1404 mittendum,
1140 1341 1171 1394 in
1183 1317 1215 1365 ‘¹⁰
1226 1315 1319 1379 cml·

132 1423 201 1487 sete,
230 1422 292 1478 Deo
321 1424 427 1488 ultore,
458 1425 665 1480 miserabiliter
688 1431 888 1489 concesserat,
925 1425 1063 1494 antiquus
1093 1425 1171 1478 enim

133 1503 393 1562 Olerevallensium
405 1513 435 1562 st
446 1508 575 1563 omnium
587 1508 792 1578 religiosorum
809 1515 978 1579 persecutor
995 1508 1167 1562 indefessus.

132 1587 296 1646 Revooetnr
321 1591 474 1661 episcopus
493 1590 724 1655 Wintcnieusie,2
742 1597 771 1647 et
798 1610 851 1647 sna
876 1591 1020 1663 dignitate
1045 1598 1076 1647 et
1099 1608 1169 1662 pace
1183 1603 1290 1667 neap,
1302 1606 1331 1654 of

132 1673 215 1744 regia
232 1674 414 1744 gratulatum
433 1676 537 1730 talium
555 1675 663 1730 etenim
688 1675 832 1745 indiguit²
850 1676 916 1746 plns
944 1675 1028 1730 solito
1046 1675 1169 1729 familia·
1181 1669 1339 1722 winchester

131 1756 217 1812 ritate
236 1765 266 1813 et
282 1759 412 1814 consilio.
451 1758 593 1814 Convenit
603 1760 755 1830 utriusque
768 1760 861 1830 regni,
876 1759 989 1814 scilicet
1005 1759 1169 1829 Anglorum
1183 1736 1299 1827 ‘mua‘

132 1845 163 1896 et
180 1839 342 1905 Scotorum,
355 1843 494 1897 universe
509 1842 656 1907 nobilitas,
671 1844 719 1898 cui
737 1843 897 1897 intererant
908 1859 1004 1897 comes
1023 1841 1170 1896 Flandriae
1182 1815 1338 1932 ffiaegnffi

132 1924 256 1981 Thomas
269 1932 299 1982 et
310 1926 361 1980 alii
380 1927 587 1998 consanguinei
606 1933 636 1981 et
647 1927 733 1981 amici
750 1927 861 1996 reginae
880 1927 911 1980 in
928 1925 1061 1996 partibus
1078 1943 1170 1996 regno
1184 1896 1233 1996 ,ned
1245 1897 1316 1998 suge.

134 2006 242 2064 Eoocite
259 2011 454 2065 conterminis.
492 2011 531 2065 Et
557 2011 611 2065 snb
637 2012 730 2064 forms
753 2011 834 2081 pecie
860 2011 935 2064 inter
961 2027 1047 2080 reges
1069 2009 1171 2080 praelo·
1183 2013 1233 2062 tish
1241 2015 1336 2074 nobles,

132 2098 233 2148 cutum
262 2100 308 2148 est
334 2095 552 2150 matrimonium
585 2093 812 2149 contrahendum
843 2095 918 2148 inter
943 2093 1171 2164 primogenitum
1183 2079 1233 2128 ⁸¹¹⁶
1244 2094 1319 2143 1¹0³oe

132 2177 213 2246 regis
232 2175 392 2243 Scotorum,
411 2179 504 2233 filium
521 2178 727 2242 Alexandrum,
748 2186 778 2233 et
796 2177 886 2232 filiam
909 2179 990 2248 regie
1007 2177 1171 2248 Anglcrum
1183 2147 1263 2198 mm·

133 2259 347 2329 Margaretam
368 2262 418 2317 sed
444 2263 513 2332 quia
537 2263 621 2332 pueri
640 2268 722 2317 erant
745 2268 775 2315 et
792 2261 902 2324 tenelli,
922 2279 978 2315 non
1003 2261 1060 2316 fuit
1077 2260 1171 2315 adhuc

133 2343 316 2413 desponsatio
333 2346 521 2417 solempniter
538 2364 592 2417 per
608 2347 725 2417 nuptias
738 2345 890 2400 celebrate.
929 2345 968 2399 Et
985 2346 1028 2399 sic
1046 2351 1169 2414 uterque

133 2444 237 2497 regum
255 2428 285 2482 in
296 2446 366 2499 psce
384 2430 534 2484 remeavit.
573 2429 775 2485 Convenerunt
790 2435 888 2484 autem
907 2427 1289 2498 Londoniis,regiocou12011

134 2511 356 2577 submonitione,
376 2519 538 2585 magnetes.
577 2514 613 2568 Iu
638 2531 695 2584 quo
717 2513 839 2568 concilio
864 2513 952 2583 petiit
968 2529 1020 2566 rex
1037 2529 1087 2566 ore
1105 2526 1170 2582 pro·
1182 2507 1277 2558 heldat

39 2597 68 2648 '.
132 2594 412 2666 prioinpropatnlo,
427 2597 540 2652 scilicet
556 2597 587 2652 in
607 2638 706 2651 .....
726 2598 891 2668 pecuniane.
930 2596 985 2651 (lui
998 2612 1169 2666 responsum
1183 2574 1295 2627 Imm·

133 2677 198 2741 fuit,
218 2678 297 2748 quod
322 2681 391 2750 quie
417 2687 497 2735 certa
522 2680 702 2745 libertatum,
730 2698 816 2750 quam
840 2688 923 2751 pater
941 2698 1011 2734 suus
1036 2698 1088 2733 rex
1106 2678 1125 2731 J
1129 2675 1170 2748 [o-

132 2761 253 2833 hennes]
272 2770 463 2828 concesserat,
483 2771 513 2819 et
530 2764 714 2834 postmodum
732 2782 784 2819 rex
807 2761 982 2832 H[enricue]
1000 2763 1072 2825 ΙΠ.,
1092 2762 1169 2815 filius

132 2846 206 2916 ejus,
225 2865 293 2903 cum
307 2848 473 2917 juramento
490 2848 659 2904 multotiens
678 2855 868 2910 concesserat,
887 2864 941 2901 neo
959 2859 1057 2900 tamen
1074 2845 1168 2899 adhuc

35 2930 67 2978 7⁴
77 2943 102 2980 α·
132 2934 344 3000 observaverat,
366 2936 479 2991 “istud
496 2937 646 3007 negotium
658 2954 809 2991 censemus
828 2934 933 2989 debere
951 2934 1056 2988 merito
1066 2951 1168 3004 capere
1183 2937 1324 3011 lfeouniery

131 3018 330 3075 diletionem.”
366 3020 557 3075 Postulabant
581 3021 701 3091 insuper
724 3019 933 3075 instantissime
959 3018 1014 3072 eibi
1032 3017 1169 3071 constitui
1181 3002 1259 3079 ⁸¹,dl0
1271 3002 1312 3054 ὼε

128 3103 325 3173 justiciarium
344 3110 374 3159 et
391 3104 606 3167 cancellarium,
620 3122 673 3174 per
685 3121 757 3175 quos
771 3108 863 3157 statue
881 3101 966 3171 regni
984 3100 1167 3163 solidaretur,
1181 3068 1321 3198 ffidpw'

131 3189 341 3251 utcousuevit,
361 3189 459 3258 etqui
483 3188 585 3242 durent
603 3189 667 3257 regi
686 3187 771 3241 fidele
798 3186 951 3240 consilium
975 3192 1005 3238 et
1022 3185 1095 3238 utile
1112 3185 1168 3236 rei·
1262 3173 1268 3183 ⁸

131 3271 264 3341 publice.
303 3271 367 3326 Hoc
386 3273 479 3341 igitur
504 3271 708 3325 consiliumet
730 3271 881 3340 negotium
900 3270 977 3339 cepit
1002 3268 1169 3322 dilationem

131 3357 273 3426 usquein
290 3363 350 3411 tres
378 3357 554 3426 septimanas
580 3373 598 3409 a
621 3355 825 3409 Purifioetione
853 3355 944 3408 beatae
971 3353 1088 3417 Mariae3
1118 3352 1169 3405 sed
1216 3352 1302 3403 ansb.

131 3456 202 3510 rege
220 3440 411 3495 familiaribus
430 3440 621 3510 respondente
639 3440 766 3502 interim,
781 3438 859 3508 quod
876 3438 992 3492 servilis
1011 3442 1088 3492 esset
1106 3437 1169 3507 ejus

131 3524 266 3587 conditio,
280 3530 310 3578 et
327 3523 453 3578 deterior
471 3524 595 3594 alicujus
613 3523 747 3577 baronis⁴
760 3522 807 3575 vel
825 3521 938 3586 militis,
957 3522 982 3574 si
999 3538 1055 3575 non
1068 3521 1170 3574 liceret

131 3606 167 3661 de
179 3626 236 3677 quo
248 3607 347 3672 vellet,
367 3625 444 3662 nunc
456 3607 492 3661 de
511 3625 568 3661 uno
586 3624 663 3661 nuno
680 3606 716 3660 de
735 3606 802 3669 alio,
822 3606 866 3659 illi
885 3607 980 3659 facero
992 3604 1039 3658 vel
1058 3604 1168 3658 canoel·

131 3689 237 3746 larium
267 3691 314 3745 vel
340 3691 548 3759 justiciarium,
575 3697 713 3761 tanquam
744 3688 945 3743 senescallum.
991 3687 1074 3755 Quod
1103 3706 1169 3742 oum

131 3773 352 3846 cognovissent⁵
377 3781 538 3844 magnates,
566 3792 624 3829 non
649 3779 787 3828 curarunt
804 3774 913 3836 venire,
933 3778 967 3826 ut
989 3772 1062 3826 nihil
1090 3772 1170 3825 aliud

130 3864 313 3926 reportarent
339 3877 426 3927 quam
452 3859 599 3929 ambages.
636 3858 765 3912 Tandem
791 3875 842 3910 rex
868 3874 986 3926 sperans
1007 3899 1012 3909 .
1034 3897 1040 3909 .
1063 3897 1069 3908 .
1091 3897 1097 3909 .
1116 3857 1169 3910 hac

46 3941 60 3953 ''
131 3941 239 3995 forma:
262 3945 280 3968 ‘⁶
295 3941 513 4006 Innocentius,”
532 3948 586 3999 otc.
626 3941 747 3996 Summa
764 3942 835 3995 fuit:
859 3941 930 3993 “De
948 3941 1055 3994 vestris
1076 3983 1082 3994 .
1104 3982 1111 3994 .
1133 3982 1138 3993 .
1162 3982 1167 3993 .

131 4023 315 4079 conferatis.'’
351 4025 511 4094 Responsio
537 4032 643 4090 eutem,
671 4026 741 4096 quie
770 4042 868 4078 omnes
894 4029 962 4077 tunc
990 4024 1030 4077 ibi
1057 4024 1171 4092 praelati

130 4126 188 4163 non
218 4109 343 4173 fuerant,
375 4110 453 4179 cepit
482 4108 659 4163 dilationem.
697 4108 841 4178 Magister
868 4109 1012 4162 Martinus
1042 4109 1169 4170 interim,

131 4209 213 4262 papas
239 4191 372 4254 clericus,
401 4192 437 4245 de
461 4193 566 4247 nuncio
592 4193 649 4247 sibi
675 4193 805 4262 injuncto
835 4193 987 4255 sollicitus,
1007 4193 1170 4246 convocatis

133 4316 140 4328 .
162 4318 167 4329 .
190 4318 196 4329 .
217 4276 319 4329 literas
337 4277 462 4346 papales.
501 4275 630 4342 Quarum
643 4294 756 4330 summa
774 4276 914 4330 istafuit:
936 4281 955 4302 “
969 4277 1005 4329 In
1023 4295 1057 4330 eo
1077 4319 1083 4330 .
1106 4318 1112 4330 .
1134 4317 1140 4328 .
1163 4317 1168 4328 .

382 4383 646 4390 ---..-.-..——-
655 4385 698 4389 -..-
716 4385 805 4389 -..—..
816 4385 846 4388 -.
861 4384 897 4389 -.
917 4385 979 4391 ...-....

165 4441 171 4472 ¹
190 4442 326 4506 infirmato]
347 4442 486 4498 imfirmata,
498 4440 553 4489 MS.
678 4441 751 4501 enim,
762 4441 827 4500 MS,
837 4442 882 4490 but
898 4441 1002 4490 marked
1014 4450 1040 4490 to
1052 4443 1082 4489 be
1094 4449 1173 4488 mane·

163 4522 174 4550 ²
195 4521 377 4586 Wialonieusis]
397 4520 472 4569 Acer
489 4519 540 4568 this
550 4520 628 4579 word,
677 4523 760 4582 posed.

131 4600 419 4664 epiecopusisrepeeted.
709 4598 846 4664 ⁴buronis]
859 4600 968 4657 boronis,
979 4600 1034 4649 MS.

163 4677 277 4728 3εειιυιίηι
304 4680 419 4744 indipuit]
450 4679 558 4743 indiguit
590 4687 626 4728 et-
710 4676 1173 4741 5οοφιουιὶιιιειιὶ]οοιιςιιονίειειιτ,1ιίὸ.

979 4761 1041 4819 rt
