3060 5474
324 718 370 766 nn
392 717 553 767 rauroau
575 717 677 767 naurs
700 716 855 779 unnmcr,
880 715 946 764 vrz.
969 712 1093 764 rmrn.
1184 699 1225 763 69

177 888 214 952 in
236 888 320 954 festo
342 892 450 954 sancti
473 890 596 956 Hilarii
619 891 707 976 apud
728 889 983 1007 Legreoestriam
1005 887 1227 966 convenirnjcnt
1243 891 1310 944 Al)
1325 896 1397 951 1250

179 990 374 1056 mandatum
397 993 524 1058 domini
546 1015 640 1080 papae
656 993 779 1058 ibidem
793 992 888 1058 audit
873 993 947 1058 turi.
993 991 1048 1055 Ad
1063 991 1125 1056 hoe
1139 990 1229 1055 enim
1242 971 1384 1088 ffl‘i‘fff

177 1091 265 1157 idem
287 1094 456 1182 episcopus
478 1115 605 1160 summo
628 1095 799 1159 conamine
830 1091 1028 1170 anhelabat,¹
1050 1097 1091 1158 ut
1120 1092 1229 1178 religi·
1243 1105 1348 1155 diocese„

178 1215 309 1259 osorum
340 1218 400 1281 per
431 1218 524 1262 suam
563 1196 718 1262 diocesim
741 1196 999 1261 constitutorum
1023 1194 1173 1260 ecclesias
1196 1198 1230 1260 et
1275 1191 1304 1235 ¹³
1316 1187 1376 1241 ³³¹¹·

178 1296 336 1375 redditus,
361 1298 402 1363 de
425 1298 546 1384 quibus
569 1296 694 1363 iidem²
719 1320 887 1364 assensum
918 1297 1055 1385 capituli
1078 1301 1111 1362 et
1133 1318 1231 1384 super

178 1399 240 1464 hoc
262 1399 483 1465 instrumenta
505 1400 732 1466 testimonium
762 1400 897 1465 evidens
926 1399 1134 1487 perhibentia
1162 1421 1231 1464 non

179 1501 348 1581 haberent,
378 1502 415 1566 in
444 1525 537 1568 suam
571 1506 740 1568 revocaret
773 1506 978 1589 potestatem.
1040 1501 1086 1566 Et
1118 1501 1180 1567 hoc
1210 1524 1231 1567 a

178 1625 307 1669 summo
329 1605 494 1690 pontifice,
517 1625 585 1669 non
607 1605 677 1670 sine
700 1605 880 1669 multarum
910 1625 1127 1691 expensarum
1150 1603 1230 1668 effu-

178 1705 278 1783 sione,
301 1705 547 1792 impetraverat‚
571 1706 628 1771 sed
650 1706 806 1786 inaniter,
823 1711 861 1770 ut
883 1706 931 1772 rei
953 1707 1064 1772 exitus
1085 1727 1231 1793 compro·

179 1807 282 1872 bavit.
329 1807 420 1894 Papa
442 1808 531 1874 enim
554 1830 629 1872 cum
651 1808 708 1887 eis,
725 1808 783 1894 qui
805 1809 1000 1895 gravamina
1016 1829 1077 1874 sua
1098 1807 1232 1874 intima·

180 1914 271 1990 runt,
294 1908 435 1996 benigne
458 1909 686 1997 dispensavit.³

362 2194 602 2281 Transsrctunt
627 2195 733 2261 sanciti
756 2193 885 2261 nobiks
904 2195 1052 2281 Anplc'oc

227 2369 388 2455 Tempore
420 2389 550 2454 quoque
583 2369 645 2433 sub
683 2368 797 2433 eodem
835 2369 1096 2435 transfretarunt
1134 2366 1234 2434 multi
1247 2370 1329 2452 Hm!

182 2469 315 2557 Angliae
336 2469 472 2547 nobiles,
496 2490 556 2534 nec
578 2469 689 2556 patuit
712 2491 808 2536 eausa
828 2470 925 2536 alicui
940 2473 981 2537 de
995 2471 1125 2559 populo,
1139 2470 1233 2537 vide·
1246 2438 1396 2558 „obfflnd

180 2572 266 2649 iicet
290 2592 397 2638 comes
429 2570 597 2648 Ricardus,
629 2593 737 2637 comes
769 2572 1162 2651 Glovcrniae,Hen1icus
1192 2573 1233 2638 de
1247 2572 1401 2640 prelatasgo

182 2672 359 2760 astingo,
394 2674 485 2754 baro,
518 2673 664 2759 rogerus
698 2674 740 2738 <10
770 2673 949 2751 muriani,
983 2682 1018 2742 n
1045 2676 1144 2741 muni
1177 2639 1308 2739 arn²¹³¹⁰
1279 2640 1349 2691 ¹⁰⁸⁶·

182 2775 310 2840 nobiles
338 2776 511 2841 cumillis.
558 2775 723 2841 Praeterea
745 2777 786 2842 de
809 2777 961 2864 praelatis,
991 2777 1234 2856 [incolniensis

185 2876 423 2942 Londonicnsis
446 2882 481 2942 ct
498 2875 736 2963 Wigorniensis
758 2879 910 2966 episcopi,
928 2886 962 2946 et
984 2882 1026 2946 de
1049 2881 1240 2968 episcopatu

185 2979 415 3056 Lincolniensi,
433 2979 615 3045 Oxoniensi
638 2986 673 3045 et
696 2979 933 3048 Bedefordensi
958 2982 1188 3059 archidiaconi,
1204 2985 1239 3081 et

185 3081 284 3145 multi
315 3081 372 3146 alii
405 3081 522 3146 clerici
584 3081 701 3146 Comes
725 3088 784 3147 aut
785 3106 837 3148 em
862 3084 1023 3149 Ricardus
1045 3105 1117 3150 cum
1143 3103 1236 3147 max-
1248 3088 1310 3140 Bul

185 3184 253 3247 ima
274 3183 381 3269 gloria
415 3189 448 3248 et
435 3183 630 3249 t·honore⁴
661 3184 748 3248 iuter
775 3206 886 3250 omnes
913 3191 947 3250 et
977 3207 1046 3271 pras
1076 3185 1229 3250 omnibus
1230 3156 1364 3274 ,mhssffi

185 3286 365 3350 comitante
390 3284 545 3365 Henrico,
562 3285 631 3350 filio
647 3306 706 3350 suo
722 3286 952 3373 primogenito,
977 3288 1149 3352 Franciam
1164 3309 1236 3374 per·
1248 3289 1312 3339 with
1322 3289 1399 3340 much

186 3388 360 3461 transiens,
378 3386 602 3474 Lugdunum⁵
625 3388 799 3473 pervenit3
820 3393 855 3453 et
871 3390 1020 3455 venienti
1037 3411 1149 3456 omnes
1171 3388 1238 3454 fere
1248 3356 1367 3474 ἓξὲξ
1358 3371 1387 3406 ¹¹¹

186 3489 368 3554 cardinales
390 3493 610 3569 occurrerunt,
635 3490 791 3554 honorem
822 3492 1006 3557 maximum
1037 3492 1145 3558 eidem
1167 3492 1237 3558 exi

186 3592 308 3656 bentes.
349 3590 457 3657 Causa
472 3595 585 3655 autem
600 3591 701 3655 solius
717 3593 856 3679 episcopi
873 3593 1121 3674 Lincolniensis,
1137 3616 1239 3680 quare

186 3693 310 3759 scilicet
342 3692 579 3770 transfretavit,
608 3692 761 3757 omnibus
794 3695 906 3780 patuit
937 3695 1118 3760 manifesta.
1174 3694 1240 3760 Sed

186 3796 223 3859 in
245 3796 320 3877 fine,
344 3818 419 3860 oum
443 3817 511 3860 sese
535 3794 633 3858 multi
655 3816 768 3859 versus
792 3818 910 3883 papam
942 3797 1157 3862 redemissent
1183 3818 1239 3883 pe·

190 3979 204 3984 -
212 3976 557 3984 ..ῳ-...ων

222 4080 230 4112 ¹
248 4079 393 4145 anhcbbot]
412 4080 555 4140 hanelabat,
565 4079 622 4129 MS.
737 4080 846 4143 impetum
870 4080 980 4144 episcopi
1001 4077 1181 4129 lincolniensis
1206 4079 1242 4128 ad

222 4160 232 4191 ²
250 4158 334 4225 iidem]
354 4159 392 4208 At
403 4159 458 4209 first
469 4160 570 4208 written
582 4157 650 4218 idem,
663 4173 690 4208 as
732 4159 888 4223 proesmtiom
900 4157 989 4207 dornini
1002 4175 1080 4224 papoe
1092 4157 1240 4223 appellanti-

189 4240 216 4288 in
227 4239 257 4286 B.
270 4239 299 4289 C.
735 4236 787 4298 bns,
813 4253 889 4286 rausa
912 4236 986 4286 solius
1006 4239 1113 4302 episcopi
1129 4236 1239 4288 lincoln.

222 4316 232 4348 ³
250 4316 325 4382 Papa
345 4317 407 4365 enim
425 4355 430 4365 .
451 4356 456 4365 .
476 4354 481 4364 .
499 4354 505 4366 .
523 4314 688 4380 dispensarit]
736 4317 794 4379 quia
806 4312 898 4363 scilicet
909 4316 1016 4363 transire
1033 4352 1163 4366 ......

190 4398 231 4448 On
243 4412 274 4445 an
287 4411 395 4445 erasure.
431 4396 460 4444 Iu
473 4395 516 4445 tho
531 4396 609 4444 lower
626 4409 690 4444 mar·
769 4419 778 4450 r

190 4476 235 4540 gin
255 4491 296 4525 are
316 4491 385 4525 some
404 4475 468 4524 lines
486 4474 585 4523 written
597 4473 659 4522 nith
676 4490 692 4522 a

191 4556 321 4618 plunrmct,
333 4554 364 4603 os
379 4553 464 4603 which
477 4554 519 4602 thc
532 4553 591 4616 only
610 4553 691 4600 words

192 4635 285 4698 legitis
306 4649 356 4692 arc,
378 4633 490 4697 Ipsam
505 4640 584 4681 nrrtcm
606 4639 690 4681 contra

795 4418 873 4484 pluria
886 4428 910 4470 et
920 4419 1021 4486 tonora]
1037 4420 1078 4470 On
1089 4436 1121 4470 au
1130 4434 1240 4481 erasure,

736 4501 786 4549 and
798 4516 825 4549 so
838 4516 901 4549 corr.
914 4500 939 4548 in
952 4516 1032 4563 marg.

770 4607 779 4636 ³
801 4604 955 4669 Luqdnmrm]
976 4604 1137 4668 Lugdouum,
1150 4602 1206 4655 MS.
