3060 5468
261 752 266 760 .
322 697 364 759 54
448 708 614 759 narrum
637 706 851 757 raa1s1aus1s
874 707 1037 758 srsroam
1059 706 1259 759 ausmauu

155 943 224 995 Ab.
238 947 310 993 raro.
581 929 710 999 Uiritus
732 929 934 997 Pellaeas
955 929 1113 996 auarus}

156 1097 257 1160 Ennius
369 1089 440 1156 Sub
463 1091 587 1156 eisdem
617 1091 742 1168 diebus,
775 1092 855 1156 dum
892 1089 1087 1155 Parmenses
1117 1088 1219 1154 nimis
1252 1088 1375 1155 iterum

155 1166 293 1296 {ffipffl
321 1193 422 1258 artati
446 1193 489 1258 ad
512 1193 678 1279 quoddam
705 1192 887 1270 castellum,
905 1192 993 1278 quod
1007 1213 1075 1257 non
1090 1190 1187 1278 longe
1201 1213 1222 1256 a
1236 1192 1374 1258 civitate

154 1300 299 1416 ffifleffgf
321 1318 380 1362 sua
403 1300 673 1376 construxerant·
700 1295 817 1360 adsui
843 1295 1022 1360 tuitionem
1056 1295 1216 1360 ducentos
1249 1294 1374 1361 milites

154 1432 197 1481 the
208 1433 261 1499 city
272 1435 302 1484 of
320 1400 597 1479 transmitterent,
633 1398 763 1476 Ensiua
798 1420 857 1463 rex
882 1388 1053 1476 Sardiniae,
1091 1398 1180 1463 filius
1216 1398 1386 1482 videlicet,

154 1499 246 1576 Parma
322 1502 503 1568 Fretherici
532 1501 702 1581 naturalis,
734 1500 813 1565 inde
845 1507 969 1566 secreto
999 1501 1226 1587 praemunitus,
1247 1500 1373 1589 paratis

154 1579 287 1628 mm
321 1604 461 1685 insidiis,
484 1605 634 1670 incautos
665 1625 779 1669 omnes
809 1603 992 1689 occupavit.
1039 1603 1129 1684 Quos
1163 1624 1238 1667 cum
1268 1602 1373 1669 vellet

320 1707 479 1795 patibulis
503 1707 540 1771 in
554 1711 729 1793 conspectu
744 1705 868 1770 civium
883 1705 1088 1791 suspendere,
1102 1705 1373 1792 significavenmt

321 1811 351 1875 ei
373 1810 470 1890 cives,
495 1809 584 1894 quod
608 1810 636 1873 si
659 1809 748 1894 ipsos
763 1807 990 1893 suspenderet,
1007 1808 1071 1895 ipsi
1086 1809 1173 1872 cives
1189 1828 1271 1892 quos
1286 1806 1373 1872 deti-

320 1913 446 1978 nebant
468 1912 617 2000 captivos
642 1909 682 1975 de
709 1910 858 1975 exercitu
873 1909 1066 1986 Fretherici‚
1082 1909 1240 1974 talionem
1255 1930 1371 1996 repen·

318 2015 443 2095 dentes,
475 2014 634 2101 patibulis
663 2017 910 2101 praesentarent.
967 2013 1013 2078 Et
1047 2013 1093 2077 sio
1126 2013 1194 2077 suis
1228 2012 1371 2099 captivis

319 2119 465 2204 pepercit
481 2117 613 2192 Ensius,
627 2117 716 2203 ipsos
731 2136 901 2180 reservans
915 2114 1130 2180 redimendos.
1180 2114 1371 2181 Parmenses

318 2220 422 2306 igitur
437 2223 472 2284 et
487 2219 712 2285 Bononienses
722 2216 915 2304 diligentius
930 2216 1027 2283 solito
1039 2218 1103 2304 ipsi
1118 2216 1221 2309 Ensio
1233 2217 1371 2285 insidias

318 2324 529 2408 paraverunt,
564 2326 607 2398 at,
643 2326 684 2386 ut
731 2320 805 2406 plus
842 2318 1020 2399 moerent,²
1044 2318 1261 2385 confoederati
1292 2325 1371 2387 sunt

317 2421 599 2489 indissolubiliter.

369 2654 419 2719 Do
442 2650 742 2720 inuaduttootbra
760 2653 970 2740 placicium
991 2653 1035 2720 ta
1056 2675 1169 2721 masse
1190 2654 1312 2723 Jaaa.

150 2803 265 2884 unusual
363 2802 489 2869 Eodem
512 2824 609 2883 anno,
632 2824 743 2868 mense
766 2801 871 2880 Junii,
902 2802 1034 2890 quando
1066 2803 1233 2870 frumenta
1254 2806 1370 2872 florere

148 2874 277 3004 ssffid
317 2907 483 2988 dicuntur,
507 2910 606 2973 tanta
628 2904 817 2994 pluviarum
848 2905 1026 2971 inundatio
1057 2927 1115 2992 per
1145 2929 1257 2973 omnes
1286 2911 1370 2976 fines

148 3006 221 3064 riona
233 3022 289 3069 par-
316 3009 620 3107 Angliae,·maxime
643 3014 756 3075 tamen
774 3005 897 3096 juxta³
912 3009 995 3071 fines
1011 3007 1245 3075 Habenduniae
1260 3016 1295 3075 et
1309 3011 1370 3077 ubi

148 3073 267 3189 nffifflr
314 3113 464 3181 fluviales
487 3113 568 3200 ripae
591 3113 733 3191 fuerant,
757 3132 827 3176 sese
844 3109 1078 3191 dilataverrmt
1102 3111 1190 3197 quod
1206 3111 1320 3179 salices
1335 3123 1369 3180 et

22 3215 41 3275 ’.
148 3204 295 3272 Abinguon.
315 3217 396 3282 alias
419 3217 551 3283 arbores
574 3220 609 3280 et
631 3215 745 3280 domos
767 3211 882 3278 fluviis
904 3214 1134 3293 conterminas,
1151 3214 1250 3279 immo
1266 3215 1368 3282 etiam

314 3319 424 3383 caulas
446 3341 520 3383 oum
543 3316 670 3395 ovibus,
694 3322 729 3381 et
751 3337 852 3381 unam
886 3315 1053 3402 capellam,
1086 3337 1154 3381 non
1176 3318 1292 3404 procul
1325 3320 1368 3385 ab

315 3420 547 3499 Habendunia,
570 3419 684 3485 obruit
707 3424 742 3484 et
771 3419 966 3505 asportavit.
1013 3418 1146 3506 Segetes
1177 3442 1255 3486 vero
1287 3426 1368 3490 tuno

314 3521 468 3587 florentes
491 3527 525 3586 et
556 3521 684 3587 fructus
719 3520 934 3607 pubescentes
957 3520 1249 3586 irrestaurabiliter
1278 3524 1369 3590 dete·

314 3624 454 3690 rioravit
466 3649 475 3705 ;
498 3623 586 3689 unde
609 3623 736 3688 fructus
759 3626 794 3688 et
816 3620 926 3709 fruges
948 3622 1020 3710 ipso
1042 3645 1139 3707 anno,
1170 3647 1245 3712 quse
1274 3647 1367 3715 spem

314 3725 563 3815 promittebant,
586 3725 720 3790 colonos
743 3724 941 3791 fefellerunt.

314 3957 363 4022 Do
383 3955 509 4025 staua
530 3956 755 4042 translatam
778 3957 865 4026 beuti
886 3958 1078 4038 Edmuadt,
1102 3961 1366 4032 camararum

568 4059 819 4150 archicpiscopi
842 4069 872 4128 ct
895 4063 1098 4149 confessoris.

146 4209 247 4262 Second
358 4207 549 4293 Eodemque
580 4228 677 4286 anno,
706 4208 867 4275 fabricato
890 4210 1133 4298 elegantissimo
1156 4236 1197 4279 ex
1219 4238 1300 4282 auro
1332 4225 1367 4285 et

146 4279 292 4397 ffifflflffll
313 4316 451 4399 argento
489 4315 524 4375 et
561 4310 706 4375 cristallo
743 4311 873 4396 feretro,
913 4314 1034 4381 iterato
1078 4318 1277 4385 translatum
1315 4328 1367 4391 est

347 4549 354 4580 ¹
372 4548 428 4597 The
448 4545 530 4595 whole
549 4544 580 4593 of
597 4543 649 4593 this
669 4543 773 4607 chapter
794 4547 817 4596 is
890 4548 950 4611 ²a,
962 4557 990 4599 ut
998 4521 1056 4616 plus
1067 4555 1192 4619 nocerent]
1213 4555 1254 4606 On
1267 4554 1300 4606 air
1312 4572 1366 4609 era-

312 4628 417 4679 marked
434 4626 463 4676 in
480 4624 524 4674 the
543 4623 645 4689 margin
657 4622 719 4673 with
739 4639 754 4675 a
773 4627 818 4676 red
858 4642 922 4677 suro.

311 4708 371 4770 line,
383 4704 586 4758 andthevord“
594 4701 719 4756 dubiam
892 4705 903 4737 ³
922 4723 1015 4758 omna.
1029 4747 1034 4759 .
1046 4745 1054 4761 .
1064 4710 1157 4776 juxto]
1169 4711 1209 4764 On
1218 4729 1251 4764 an
1260 4730 1368 4768 erasure.
