3060 5468
352 713 399 764 ur
420 714 580 767 ruuroan
602 715 703 766 auore
724 714 906 768 tonsuris.
1089 703 1152 770 tat

18 892 46 944 ii.
108 885 233 942 articulo
360 887 451 942 immo
486 887 584 959 potius
614 903 709 958 usqne
739 886 777 943 ad
812 893 937 943 mortem
1071 904 1154 945 suam
1166 891 1236 950 Ad).
1250 899 1322 949 1210.

108 975 227 1034 motam,
246 970 295 1026 vel
313 988 473 1042 paucorum
491 971 676 1028 adulatorum
694 988 876 1037 consensum,
896 987 1024 1043 regnum
1040 970 1154 1028 valeat¹

108 1053 157 1108 vel
192 1053 389 1126 principatum
420 1072 506 1113 snum
536 1055 606 1111 dare
634 1055 684 1111 vel
718 1055 909 1113 tributarium
938 1055 1045 1121 faoere,
1076 1055 1154 1113 unde

108 1136 221 1194 nobiles
244 1138 329 1210 regni
353 1139 432 1195 servi
459 1138 629 1204 efficiantur,
659 1139 805 1211 praecipue
826 1181 832 1195 .
854 1178 862 1197 .
884 1177 892 1196 .
911 1139 1037 1210 alicuius
1063 1139 1154 1195 eccle·

109 1220 235 1279 siasticae
247 1239 389 1293 personas.
428 1221 505 1291 Quid
523 1222 561 1279 ad
578 1223 673 1281 tales.
690 1264 696 1278 .
713 1263 720 1278 .
736 1222 1080 1296 .vestigiasequentss.”
1116 1223 1157 1281 Et

109 1312 260 1376 ooeperunt
288 1323 369 1362 more
397 1324 450 1363 sno
478 1305 585 1362 Gallici
614 1306 796 1362 horribiliter
822 1306 949 1378 jurando
973 1307 1153 1365 comminari.

111 1387 288 1462 Supervenit
305 1407 341 1446 ex
358 1390 504 1448 industria
523 1430 622 1451 .....
637 1391 814 1462 impediatis.
842 1390 972 1464 Impinm
990 1397 1069 1449 esset
1088 1433 1095 1449 .
1117 1431 1124 1451 .
1146 1430 1153 1451 .

109 1472 244 1529 libertate
262 1472 380 1544 Angliae
398 1474 580 1531 decertantes
603 1475 713 1547 patulis
740 1474 864 1531 rictibus
888 1475 1026 1547 luporum
1044 1473 1156 1548 exposi-

109 1563 156 1614 tos
183 1557 395 1629 derelinquere,
417 1599 425 1615 .
447 1599 453 1615 .
475 1597 482 1615 .
502 1557 652 1615 dominnm
671 1559 837 1630 clegerint,²
854 1565 885 1617 et
913 1559 1154 1619 consolatorem.”

111 1640 167 1699 Oui
192 1648 284 1713 pater,
307 1642 399 1700 “Neo
423 1648 453 1698 te
477 1642 606 1715 impedio
625 1643 675 1702 vel
700 1642 886 1716 promoveo.'¹
923 1643 1006 1700 Tune
1031 1644 1154 1700 recessit
1169 1655 1319 1722 Tbelegate

109 1725 227 1796 legatus
245 1727 399 1790 tremulus,
419 1731 449 1783 ct
467 1725 574 1782 timens
598 1743 635 1782 ne
653 1727 681 1783 si
706 1727 738 1783 in
755 1744 875 1796 corpore
901 1727 1014 1798 aliquid
1041 1727 1153 1784 sinistri
1167 1723 1250 1776 lave·

18 1849 31 1882 Ι.
111 1809 250 1874 eveniret,
279 1810 316 1868 ad
341 1828 422 1867 mare
445 1809 563 1880 Angliae
588 1810 720 1868 clanculo
745 1810 935 1883 properando.
980 1811 1153 1869 Imdowicus
1166 1789 1273 1843 mm·

111 1898 217 1958 antem,
249 1900 426 1966 congregato
456 1894 596 1951 comitatu
625 1894 751 1966 copioso,
780 1893 930 1951 festinavit
958 1894 990 1951 in
1013 1894 1154 1966 Angliam
1166 1867 1307 1986 fflffem·

111 1977 252 2033 veuiendo
269 1978 400 2048 legatum
419 1977 592 2050 prevenire,
612 1983 642 2033 et
665 1978 696 2034 in
720 1982 807 2049 portu
834 1977 871 2033 de
890 1977 1006 2034 Galerio
1024 1984 1155 2035 secentas
1168 2000 1244 2051 barke
1255 2009 1282 2053 ,t

111 2078 199 2117 naves
219 2066 248 2116 et
267 2068 370 2133 quater
384 2080 431 2119 xx.
446 2079 534 2133 cogas
553 2065 683 2134 promtus
701 2062 816 2119 invenit
833 2067 863 2119 et
874 2061 947 2118 bene
965 2067 1153 2135 preparatas,
1169 2065 1260 2118 Calais.

113 2162 184 2215 quas
202 2144 378 2202 Eustochiae
396 2145 557 2203 Monachus
575 2151 677 2202 oontm
696 2144 854 2202 adventum
872 2145 1023 2203 Ludowici
1046 2146 1155 2202 ibidem

111 2235 349 2299 congregaverat.
381 2229 525 2301 Misitque
543 2229 716 2287 Ludowions
731 2229 867 2294 ¹Romam,
886 2233 922 2286 ut
937 2247 991 2301 pro
1005 2229 1074 2302 jure
1092 2238 1326 2295 suo,110sendsro

112 2311 190 2383 quod
219 2312 355 2369 credebat
383 2313 492 2370 habere
522 2314 552 2369 in
577 2312 697 2385 Anglia,
724 2312 761 2368 de
791 2313 856 2385 ipso
884 2330 977 2384 regno
1003 2306 1288 2372 efficacitsrltometo

111 2413 210 2452 coram
227 2414 304 2468 papa
320 2397 493 2468 allegarent.
529 2396 718 2454 Ludounious
736 2414 807 2453 vero
826 2402 856 2454 et
868 2397 920 2469 qui
932 2415 999 2455 oum
1011 2415 1045 2454 eo
1064 2404 1155 2463 erant,
1169 2371 1294 2489 {2⁰22ssst

112 2481 300 2537 ascendentes
323 2498 422 2545 naves,
443 2498 508 2536 sese
535 2480 673 2552 Neptuno
698 2479 917 2537 commiserunt.
961 2480 1035 2537 Erat
1059 2488 1157 2539 autem
1170 2454 1291 2571 Effglm

112 2569 182 2620 tnnc
208 2564 349 2635 temporis
377 2581 430 2620 rer
460 2563 479 2619 J
482 2561 634 2634 [ohannes]
658 2605 664 2618 .
687 2604 693 2622 .
715 2605 722 2622 .
746 2563 798 2619 sed
824 2564 970 2636 quoniam,
999 2571 1033 2622 ut
1062 2564 1158 2621 eidem

113 2645 273 2712 dicebatur,
301 2647 475 2718 alienigenis
501 2657 514 2704 '.
542 2688 548 2704 .
579 2688 586 2703 .
617 2647 755 2712 vallatus,
775 2652 805 2702 et
834 2665 955 2704 suorum
979 2649 1159 2706 naturalium

113 2731 263 2788 hominum
275 2732 408 2803 privatus
421 2731 566 2795 extiterat,
580 2731 736 2788 Lndowicc
751 2731 815 2803 jam
827 2731 985 2803 applicanti
999 2772 1006 2788 .
1023 2772 1029 2788 .
1045 2773 1052 2789 .
1066 2737 1160 2788 tans·

114 2815 229 2880 marini,
250 2832 284 2870 eo
305 2816 418 2880 relicto,
439 2816 476 2871 ad
494 2815 692 2880 Ludovionm,
711 2815 974 2872 nensmarinorum
998 2814 1157 2881 dominum,

114 2915 178 2954 seso
196 2900 398 2955 transferrent.
436 2899 520 2955 Unde
538 2899 712 2971 praelegit.
729 2938 736 2954 .
752 2911 782 2954 .·.
798 2904 957 2970 .tanquam
975 2898 1156 2964 fidelissimo,

112 2983 206 3039 tutius
218 2983 396 3048 confidebat;
416 3000 469 3039 nec
482 2984 609 3040 cessavit
624 2982 732 3054 raptim
750 2982 862 3052 fugere,
877 2982 968 3039 donec
979 2983 1157 3040 Wintoniam

112 3067 295 3140 pervenisset
312 3067 486 3124 Lndovicus
503 3084 573 3122 vero
593 3107 599 3121 .
622 3108 628 3122 .
651 3107 657 3121 .
680 3107 687 3122 .
706 3072 814 3138 praeter
832 3066 1000 3124 Doverense
1018 3073 1155 3133 castrum,

76 3194 82 3207 .
113 3151 247 3206 insuam
267 3191 273 3204 .
296 3191 302 3204 .
325 3191 331 3205 .
352 3150 465 3220 ingenti
484 3150 614 3206 omnium
637 3151 780 3206 baronum
800 3150 931 3222 tripudio
949 3156 994 3206 est
1011 3156 1155 3222 receptus.

114 3234 258 3304 Cupitque
276 3234 438 3303 homagia.
461 3274 467 3290 .
489 3274 496 3290 .
517 3233 567 3304 qui
588 3251 654 3288 eum
677 3234 720 3288 ibi
743 3239 972 3305 expectaverant.
1009 3235 1066 3289 Illo
1087 3253 1157 3290 vero

115 3358 291 3374 .......
306 3318 435 3388 partium
447 3317 618 3381 borealium,
633 3317 705 3389 qui.
727 3357 734 3373 .
756 3359 763 3372 .
785 3358 792 3372 .
814 3356 821 3374 .
844 3357 850 3376 .
873 3319 980 3374 ,multi
998 3319 1155 3390 praelecti,
1228 3378 1230 3382 ,

114 3420 216 3473 regem
229 3401 247 3456 J
252 3399 420 3471 [ohannem]
436 3442 442 3455 .
459 3442 466 3458 .
483 3442 489 3456 .
504 3401 658 3473 optineret.
694 3400 873 3472 Magistrum
887 3408 985 3458 autern
1001 3403 1157 3474 Symonem
1171 3410 1299 3462 Simonde

113 3489 150 3543 de
168 3489 349 3557 langatone,
363 3503 456 3557 nuper
474 3503 527 3557 per
545 3503 647 3556 regem
663 3484 829 3556 Anglorum
847 3492 994 3542 cassatum
1012 3491 1042 3542 et
1059 3486 1095 3542 ab
1113 3504 1158 3543 ar·
1170 3478 1316 3542 Lflnssewsse

113 3573 297 3644 chiepiscopo
309 3572 485 3628 Eboraoensi
497 3571 658 3643 repulsum,
673 3569 825 3625 constituit
836 3571 1042 3626 cancellarium
1055 3589 1156 3636 suum;
1169 3546 1325 3677 fflsscaen'

115 3658 166 3728 qni
196 3657 352 3712 Londoniis
382 3673 574 3718 commorans,
605 3672 663 3710 non
695 3653 873 3718 fratrissans,
905 3654 958 3709 sed
990 3655 1105 3726 penitus
1141 3672 1256 3730 &Leuis

113 3741 248 3811 vestigiis
279 3741 379 3796 fratris
415 3741 461 3795 sni
492 3737 704 3811 archiepiscopi
735 3736 953 3793 Cantuariensis
983 3739 1157 3805 exorbitans,

113 3825 181 3897 plus
200 3824 283 3879 saevit
303 3825 335 3879 in
351 3823 493 3894 Anglicos
521 3840 609 3893 qnam
634 3822 671 3876 de
697 3837 788 3890 regno
805 3818 923 3891 Angliae
948 3821 1088 3877 oriundus
1111 3822 1158 3878 vel

114 3907 204 3963 etiam
233 3908 343 3962 advena
369 3907 405 3961 de
433 3906 539 3963 exteris
569 3905 740 3976 regionibus
769 3908 948 3975 procreatus.
986 3906 1158 3963 Lndovicns

114 3991 203 4046 etiarn
233 3991 408 4054 discurrens,
440 4007 555 4046 omnem
585 3987 841 4060 circumjacentem
868 4027 875 4047 .
905 4027 913 4047 .
943 4029 951 4045 .
978 3988 1157 4062 subjugavit,

115 4080 212 4146 partes
238 4075 351 4129 scilicet
376 4074 518 4128 australes
545 4077 575 4127 et
599 4070 764 4127 orientales.
802 4070 865 4125 Rex
889 4077 987 4128 autem
1006 4073 1159 4129 Scotorum

117 4201 123 4214 .
146 4200 152 4214 .
175 4201 182 4213 .
203 4199 210 4214 .
231 4157 432 4213 defendebant.
481 4156 566 4212 Walo
590 4156 703 4210 interea
721 4155 836 4224 legatus
856 4153 887 4210 in
905 4158 1158 4227 procurationibus
1171 4161 1309 4213 Exteriore

116 4243 226 4297 suiset
251 4241 418 4295 reddituum
442 4238 553 4310 rapinis
573 4257 640 4293 suos
659 4245 689 4293 et
707 4254 779 4309 qnos
797 4237 891 4292 voluit
915 4239 1028 4306 ditavit,
1048 4247 1158 4297 metens
1171 4229 1251 4278 (ΜΘ

117 4327 192 4398 qnod
211 4345 267 4380 non
287 4325 449 4380 sominavit.
487 4323 644 4378 Obsidetur
669 4323 782 4376 interea
799 4327 928 4377 castrum
947 4325 1114 4380 Doverense
1142 4296 1289 4424 nlsfissg'of

1171 4427 1257 4477 Dovsr

1172 4495 1256 4544 casile.

272 4570 277 4600 ¹
298 4568 391 4632 radul]
412 4568 537 4631 Repented
548 4565 611 4616 aster
621 4564 689 4615 darc.

272 4649 282 4679 ²
300 4647 427 4713 elegerint]
447 4647 502 4698 The
512 4646 568 4697 first
579 4653 628 4695 tvo
639 4646 757 4710 syllables
768 4647 833 4699 bave
844 4649 906 4698 been
917 4649 1009 4698 erased
