3060 5474
336 709 384 759 nr
405 709 567 761 rruroaa
590 709 692 760 ausis
715 709 872 772 zammer,
894 710 961 761 vm.
984 708 1107 759 ranru
1199 695 1240 763 75

191 889 298 966 Jesus,
321 888 413 953 Deus
436 909 558 965 eorum,
583 886 658 951 odio
684 886 808 950 habens
832 906 930 972 super
953 883 1064 950 omnia
1087 899 1410 969 arrogan·A.D.1250.

191 991 283 1069 tiam,
308 990 366 1076 qui
389 987 622 1054 humillimus1
645 989 720 1066 fuis,
745 992 779 1053 ei
803 987 954 1073 praebens
987 987 1034 1052 eis
1056 985 1244 1072 exemplum

193 1095 390 1159 omnimodae
413 1092 615 1158 humilitatis
638 1098 672 1157 eb
691 1090 966 1167 mansuetudinis,
989 1090 1168 1155 confundet
1191 1109 1245 1153 eos

189 1197 227 1260 in
249 1196 312 1261 hac
333 1217 446 1260 eorum
477 1192 629 1281 improba
659 1193 832 1259 exactione
855 1198 890 1259 et
913 1193 1067 1280 superbia
1089 1190 1244 1256 intolera-

189 1297 250 1362 bili
265 1301 271 1360 !
285 1297 302 1323 '’
348 1297 401 1361 Ex
439 1302 520 1362 bunc
556 1295 669 1383 igitur,
707 1295 836 1360 meritis
875 1316 986 1359 eorum
1026 1293 1243 1381 exigentibus,
1257 1316 1313 1368 The
1324 1332 1384 1370 aon-

190 1401 292 1488 coepit
315 1399 519 1465 Francorum
546 1397 692 1464 conditio
715 1421 783 1464 non
809 1397 1021 1463 mediocriter
1043 1396 1244 1473 deteriorari,
1256 1384 1412 1504 ffig‘ffioh

191 1503 343 1583 maxime,
367 1524 443 1567 cum
477 1506 603 1567 secreta
637 1523 749 1566 eorum
773 1499 885 1566 inedia
906 1522 964 1587 per
986 1505 1163 1587 apostatas,
1187 1500 1380 1586 quiumybe

189 1604 233 1670 ad
249 1604 431 1671 Soldanum
453 1626 488 1670 se
510 1603 734 1681 contulerunt,
750 1604 862 1691 patuit
883 1603 1038 1670 revelata.
1084 1603 1243 1689 Tempore
1255 1600 1344 1704 m

191 1707 253 1772 sub
288 1706 403 1772 eodem
438 1706 524 1771 obiit
556 1705 612 1770 ille
636 1704 809 1784 Soldanus,
846 1709 881 1770 et
914 1704 1008 1780 aliua,
1044 1702 1244 1770 Christianis
1256 1731 1411 1781 Deathof·

190 1809 344 1886 nocivior,
369 1812 420 1874 cst
442 1807 512 1874 loco
536 1808 608 1894 ejus
630 1807 840 1873 substitutus.
1256 1797 1413 1850 rhesum.

189 2066 238 2133 Da
259 2064 413 2133 acaciana
435 2064 567 2145 honora,
584 2087 683 2153 quem
704 2064 856 2132 cohibuit
878 2064 1057 2146 Bloacbia,
1080 2072 1110 2132 et
1127 2073 1244 2153 postea

496 2190 605 2256 papo,
629 2167 747 2236 cornici
769 2167 930 2234 Ricardu

234 2317 450 2405 Temporibus
484 2316 547 2384 sub
571 2317 694 2383 eisdem
717 2316 833 2405 regina
856 2316 1060 2384 Francorum
1083 2316 1334 2385 Blanchiaureu

189 2425 243 2487 tot
266 2427 301 2487 ei
323 2426 438 2487 tantos
460 2420 628 2508 congessit
653 2421 794 2485 honores
817 2419 853 2485 in
878 2419 1031 2486 comiiem
1054 2420 1242 2499 Ricardum,
1255 2400 1438 2532 {ffiffwl'

189 2529 224 2589 et
247 2525 283 2589 in
306 2525 441 2610 eosqui
470 2525 507 2589 in
530 2523 691 2589 comitatu
714 2521 843 2610 ipsius²
869 2528 973 2600 erant,
995 2528 1036 2588 ub
1059 2546 1171 2589 omnes
1194 2525 1370 2588 vi-Richard

190 2628 307 2693 dentes
345 2632 381 2692 ei
416 2626 590 2691 audientes
627 2625 747 2690 merito
787 2630 942 2711 poterant
973 2625 1144 2692 admirari:
1198 2601 1411 2718 Et}i,{{{e,¹¹0f

191 2730 393 2817 Lugdunum
424 2728 585 2804 venienti,
610 2726 754 2793 occurrit
786 2727 853 2793 fere
886 2733 960 2792 tota
993 2729 1414 2816 curiapapalis.1·'raneeand

191 2831 236 2898 Et
268 2833 336 2918 ipsc
370 2852 484 2896 sereno
519 2829 617 2895 vultu
649 2829 699 2894 illi
731 2829 935 2917 applaudens
958 2829 1112 2895 dominus
1138 2799 1384 2917 papaffthew'

191 2935 303 3020 ipsum
338 2935 380 2999 ad
415 2955 562 2998 mensam
593 2931 766 3012 invitavit,
790 2937 824 2997 ei
849 2932 1108 3019 coepulabantur
1130 2934 1245 2997 imme-

194 3037 294 3115 diate,
319 3035 445 3101 scilicet
480 3034 607 3100 octavis
631 3034 774 3101 Paschae.
821 3034 946 3098 Eadem
979 3035 1033 3100 die
1057 3041 1173 3120 captus
1195 3039 1246 3099 esi

192 3161 252 3203 rex
277 3139 488 3216 Francorum,
512 3144 551 3202 ut
584 3137 711 3203 dicotur
741 3137 778 3201 in
800 3136 1037 3222 sequentibus.⁴
1081 3138 1136 3217 ut,
1158 3137 1318 3202 facioEarl

193 3242 326 3328 negotio
349 3264 408 3328 pro
433 3263 497 3326 quo
521 3241 613 3318 ierat,
639 3240 765 3306 occulto
796 3244 917 3317 tamen,
941 3240 1043 3305 rediit
1065 3262 1124 3327 per
1146 3218 1393 3347 Sanc-{igffles

193 3347 267 3407 tum
290 3343 488 3408 Dionisium.
535 3339 580 3406 Et
613 3341 821 3427 comparavit
855 3341 918 3405 sibi
945 3341 1113 3427 quoddam
1136 3364 1246 3407 mane·
1258 3352 1301 3400 the
1312 3366 1401 3400 aanor

193 3445 280 3508 rium
312 3444 355 3508 ab
386 3445 517 3524 abbate,
541 3444 629 3529 quod
661 3443 751 3507 idem
782 3443 885 3508 abbas
915 3444 1034 3509 habuit
1056 3444 1092 3508 in
1114 3444 1245 3531 Anglia,
1258 3417 1407 3535 ξὶἓξῖοω

194 3547 276 3611 sabis
298 3548 504 3632 opulentum,
529 3568 603 3611 cum
627 3546 848 3632 pertinentiis,
872 3569 940 3612 non
963 3547 1077 3634 procul
1101 3549 1248 3613 existens
1259 3551 1301 3601 the
1312 3553 1389 3602 abbat

193 3672 213 3713 a
248 3649 435 3728 Glovernia,
460 3647 647 3713 Derhursi⁵
669 3648 895 3734 appellatum.⁰
940 3650 1004 3714 Die
1034 3672 1112 3715 vero
1143 3652 1246 3716 Lunae
1259 3617 1397 3748 pfyssffle-

194 3753 345 3838 proxima
382 3756 460 3817 ante
504 3751 574 3816 dies
620 3750 844 3836 Rogatianum
881 3753 976 3818 venit
1013 3774 1165 3840 prospere
1211 3751 1410 3817 inuentum

194 3854 359 3941 Angliam.
394 3854 565 3919 Remansii
581 3857 693 3918 autem
715 3853 753 3918 in
775 3854 927 3941 partibus
943 3854 1173 3921 transmarinis
1188 3877 1247 3943 per
1258 3818 1418 3948 iissigifffd’

31 3966 171 4017 solursa.
196 3957 323 4042 aliquot
346 3957 427 4034 dies,
450 3961 490 4022 ut
512 3956 575 4021 sibi
598 3962 747 4041 parceret
778 3958 1054 4043 perendinaburus
1078 3960 1248 4046 episcopus
1259 3975 1385 4035 william,

198 4059 439 4125 Winboniensis
474 4059 669 4135 Willelmus,
692 4060 751 4144 qui
784 4061 915 4125 comitis
939 4061 1075 4127 Ricardi
1106 4041 1419 4170 vestigiass‘fiegfeffm

197 4167 327 4227 secutus
348 4163 458 4228 fuerat
480 4161 686 4227 irrediturus.
1262 4175 1373 4290 rpmaips

1263 4257 1277 4291 a
1295 4256 1339 4290 roa

230 4352 238 4383 ¹
256 4351 411 4419 humillimus]
431 4351 584 4412 humilimus,
599 4353 654 4403 MS.
779 4353 789 4384 ⁴
806 4352 936 4404 scilicet..
955 4353 1138 4422 .aequerrtibus]
1157 4355 1251 4406 Added

230 4431 349 4497 2ε’ρςιίιε]
371 4432 412 4482 On
431 4447 463 4480 nn
482 4447 590 4493 erasure,
606 4434 655 4481 and
672 4448 700 4482 so
748 4432 774 4481 in
786 4448 867 4498 marg.

197 4527 261 4562 corr.
274 4512 301 4560 in
313 4527 393 4577 marg.
780 4512 791 4542 ⁵
809 4511 948 4579 Darhurst]
969 4513 999 4561 In
1012 4512 1042 4564 C.
1054 4512 1144 4574 Harrt,
1156 4515 1201 4565 but
1213 4514 1251 4564 in-

230 4591 367 4641 ³dorrn'aua
375 4591 461 4655 papa]
482 4590 522 4640 On
543 4605 575 4640 an
596 4605 702 4651 erasure,
749 4593 879 4656 correctiy.
907 4592 954 4643 See
966 4593 1135 4654 Monastioon,
1147 4593 1180 4642 iv.
1194 4599 1251 4645 665.

200 4673 249 4722 and
261 4687 288 4722 so
300 4686 365 4722 corr.
377 4671 405 4719 in
417 4685 498 4734 marg.
783 4671 793 4703 ⁶
809 4669 970 4736 appellabam]
990 4671 1123 4735 apelatum,
1135 4671 1191 4724 MS.
