3060 5474
339 755 386 806 on
408 757 567 808 rnnross
589 759 690 808 nno1s
712 757 867 820 nnuman
891 760 958 810 vra.
983 756 1104 809 rnnru.
1200 744 1242 809 39

193 936 312 997 rentes.
356 932 534 1000 Adventus
556 940 670 1002 autem
688 957 801 1001 eorum
831 955 928 1001 eausa
949 933 1073 1000 multos
1094 930 1412 1012 latebat;A.D.124a

192 1040 421 1103 verumtamen
443 1061 487 1103 ex
517 1039 730 1125 sequentibus
764 1012 937 1125 colligitur,
962 1036 1050 1124 quod
1084 1058 1244 1102 memora·

191 1142 245 1202 tus
268 1161 328 1205 rex
350 1141 405 1206 vel
430 1142 581 1230 princeps
607 1148 847 1209 sacramentum
863 1141 1017 1228 baptismi
1043 1146 1077 1207 et
1100 1141 1243 1228 gratiam

189 1243 411 1309 conversionis
445 1249 480 1311 et
512 1244 775 1312 informationis¹
806 1245 844 1310 in
872 1245 944 1332 lege
967 1244 1104 1310 Domini
1135 1243 1243 1310 nostri

190 1344 294 1411 Jhesu
329 1347 454 1414 Christi
485 1349 697 1436 postulabat3
726 1348 925 1435 quibusdam
959 1351 1071 1413 tamen
1105 1347 1241 1433 adjectis

190 1449 441 1528 conditionibus,
464 1474 538 1538 queo
560 1453 604 1516 ad
625 1452 781 1518 notitiam
804 1458 953 1518 nostram
987 1450 1135 1517 nondum
1168 1472 1240 1537 per-

189 1559 360 1619 venerunt.
405 1555 568 1621 Dominus
590 1561 703 1621 autem
725 1577 811 1643 papa
842 1554 1084 1621 serenissimum
1107 1553 1240 1620 vultum

188 1654 333 1723 eisdem²
355 1659 484 1724 nunciis
510 1659 664 1737 ostendit,
688 1662 722 1724 et
753 1680 890 1724 munera
923 1657 1067 1724 eontulit
1088 1657 1240 1745 pretiosa,

23 1761 68 1813 foi
81 1762 165 1814 ΗΜ·
188 1764 222 1825 et
243 1761 332 1847 ipsos
355 1762 510 1828 escarleto
534 1768 568 1828 et
590 1761 734 1827 oisimis³
765 1763 918 1829 decenter
940 1760 1087 1826 vestivit.
1144 1761 1239 1826 Dice·
1252 1783 1384 1848 ObJ'eetof

187 1862 286 1929 batur
308 1887 445 1951 quoque,
462 1866 551 1951 quod
574 1865 700 1931 domini
722 1887 816 1953 papae
839 1864 1045 1953 propositum
1067 1862 1143 1944 suit,
1158 1863 1236 1930 inde
1248 1851 1304 1970 ξξὲε
1303 1856 1405 1987 ppipegin

187 1989 314 2054 quoque
346 1973 527 2034 tractatum
560 1967 648 2034 suit⁴
680 1969 844 2047 seoretius,
868 1975 907 2034 ut
937 1968 966 2032 si
990 1963 1237 2034 Christianismi
1248 1986 1319 2039 trae
1328 2003 1395 2040 mea

187 2072 287 2136 titulo
309 2071 526 2158 insigniretur
548 2093 608 2138 rex
630 2071 687 2137 ille
710 2071 931 2150 Tartarorum,
956 2072 1066 2158 ipsum
1088 2069 1238 2137 mitteret
1249 2068 1405 2190 limma

187 2196 261 2239 oum
293 2175 446 2241 omnibus
466 2175 549 2240 viris
579 2180 613 2241 et
643 2174 771 2240 viribus
793 2176 861 2240 suis
888 2197 986 2262 super
1015 2173 1236 2262 Vastagium³

187 2275 347 2358 Gnaeum,
370 2300 528 2366 generum
556 2278 745 2359 Fretherioi,
771 2274 1014 2344 scismaticum⁰
1038 2277 1237 2347 Christianae

185 2378 284 2458 fidei,⁷
306 2381 438 2448 domino
460 2404 554 2470 papae
577 2388 612 2449 et
633 2383 827 2468 imperatori
852 2381 1060 2448 Baldeuuino
1074 2381 1237 2463 rebellem,

185 2488 220 2548 et
248 2490 363 2571 postea
392 2508 489 2573 super
515 2487 624 2572 ipsum
655 2485 890 2567 Fretherieum,
914 2491 1029 2553 contra
1051 2485 1237 2553 Romanum

184 2589 307 2654 curiam
326 2590 595 2656 reoulcitrantem
639 2589 695 2654 Ad
710 2590 799 2676 quod
812 2590 925 2656 nuncii
946 2596 1102 2656 mutuum
1123 2590 1236 2657 odium

185 2690 448 2758 Christianorum
475 2693 688 2769 detestantes
711 2715 771 2780 per
791 2695 999 2782 interpretes,
1022 2717 1103 2781 quos
1126 2695 1236 2783 plures

185 2793 351 2860 habebant
387 2795 608 2874 intermedius,
648 2797 896 2882 responderunt,
934 2796 1023 2883 quod
1059 2820 1127 2865 non
1164 2801 1237 2864 erat

182 2919 278 2963 suum
304 2898 627 2986 imponeredomino
649 2920 709 2964 suo
731 2898 855 2965 talem⁸
879 2901 1112 2968 conditionem.
1168 2900 1235 2967 Sed

182 3001 392 3067 vehementer
413 3002 645 3082 formidabant,
661 3024 703 3068 ne
725 3008 761 3068 et
782 3002 844 3069 hoe
864 3004 1017 3069 dominus
1032 3025 1145 3071 eorum
1160 3025 1235 3090 gru-

182 3105 277 3181 uiter‚
300 3127 374 3170 oum
397 3106 536 3184 audiret,
560 3108 721 3193 acciperet
743 3105 979 3193 exasperatus.⁹

282 3346 332 3414 De
355 3346 520 3415 mortibus
542 3346 733 3415 stultorum
756 3348 913 3416 uirorum
935 3346 1142 3416 nobiliorum

227 3489 300 3556 Hoc
323 3498 435 3558 autem
458 3515 545 3558 anno
568 3498 718 3558 mortuus
741 3499 791 3558 est
823 3493 861 3558 in
883 3493 1007 3580 Anglia
1031 3488 1381 3628 R⁰berl¹¹⁵3¹Di³ssfJ¹¹t

1201 3597 1221 3612 ⁸·
1287 3592 1302 3626 8
1354 3594 1370 3627 0

184 3594 351 3682 episeopus
389 3597 632 3676 Bathoniensis,
671 3598 756 3663 eirea
793 3597 914 3662 festum
947 3598 1054 3663 sancti
1088 3597 1322 3709 Hfflammany

184 3697 342 3764 Ricardus
365 3721 444 3764 vero
467 3700 575 3766 Suord
598 3701 726 3766 letifera
738 3698 763 3737 ¹²
785 3701 918 3788 paralisi
941 3706 1089 3788 tempore
1105 3702 1232 3766 vernali
1243 3711 1389 3844 iffi?

185 3859 629 3871 ——.-———..-——..-—....--—--
647 3865 752 3871 -......-.

215 3945 222 3976 ¹
241 3947 437 4012 irrorantiam]
475 3946 680 4008 imformaeionis‚
759 3945 870 4012 Molem]
892 3947 933 3999 On
945 3962 978 3997 an
989 3963 1096 4000 erasure.

182 4025 209 4074 M
221 4029 237 4076 ¹.

212 4030 338 4172 leudem}
358 4107 413 4158 The
426 4109 473 4159 last
485 4109 590 4174 syllable
601 4109 682 4158 added

183 4200 208 4235 in
218 4202 297 4252 murgi

760 4054 769 4084 ⁹
788 4054 864 4102 From
876 4054 919 4103 the
931 4057 1013 4104 words
1023 4054 1161 4106 Dicebatur
1172 4074 1230 4122 quo·

727 4150 772 4197 que
792 4141 818 4182 to
837 4134 880 4182 the
900 4135 949 4182 end
969 4135 1001 4182 of
1018 4136 1062 4186 the
1082 4136 1186 4201 chapter
1208 4136 1231 4187 is

259 4268 286 4278 ,,
314 4269 319 4277 ,
404 4268 409 4278 ,
727 4214 832 4262 marked
844 4212 870 4260 in
879 4212 922 4263 the
933 4214 1041 4279 margin,
1050 4215 1076 4264 in
1085 4217 1230 4273 redletters,

214 4265 536 4334 ³ms1mis]cis1minis.E.
571 4267 681 4319 1nB.C.
726 4291 875 4342 “dubl-nme

183 4344 323 4410 depellitur
335 4350 412 4397 variis
423 4350 569 4399 cisimorum.
761 4399 780 4429 w
797 4400 810 4448 I
982 4400 987 4411 ¹

215 4426 224 4456 ⁴
234 4428 304 4491 suit]
324 4428 418 4477 Added
429 4428 456 4476 in
468 4445 547 4494 marg.
812 4416 829 4449 11
848 4399 890 4448 the
908 4414 1006 4466 margin
1023 4417 1066 4452 are
1077 4403 1163 4453 drawn
1181 4411 1229 4453 two

214 4507 223 4536 5
247 4507 402 4574 quium]
439 4509 592 4575 vammum,
618 4510 682 4567 MS„
727 4477 812 4527 mitres
824 4481 874 4528 und
886 4480 1001 4540 orosius,
1013 4484 1137 4532 reversed.

183 4588 328 4647 Battatinm,
341 4589 370 4641 C.
763 4583 778 4614 ¹¹
797 4584 931 4650 liebertus]
951 4586 1022 4636 Read
1033 4588 1153 4652 Repente,
1165 4604 1193 4638 us
1202 4589 1229 4637 in

215 4667 417 4735 ‘samareum
436 4670 670 4729 camerimnus.
727 4664 870 4728 aprevious
881 4680 995 4729 passage,
1007 4681 1032 4729 p·
1043 4672 1084 4716 ³³·

215 4749 393 4802 ²Ctrietiaaoe
414 4752 491 4817 fidet]
534 4752 626 4804 Added
654 4752 682 4801 in
762 4743 781 4775 ¹²
797 4741 907 4809 letifera]
927 4744 1026 4806 litifera,
1039 4746 1095 4798 MS.

184 4844 261 4896 marg.
