3060 5468
328 720 376 769 na
398 720 557 771 rmaroaa
579 721 680 770 naurs
702 721 857 783 ammon
881 720 947 770 vrz.
970 720 1096 770 raama
1199 705 1241 768 ta

336 990 793 1080 theqssetcleri
815 988 899 1058 twic
919 990 1092 1058 mmtdctc.
1142 1071 1144 1074 Α
1255 1003 1409 1056 Annam.

240 1151 419 1239 Episcopus
456 1172 535 1217 vero
572 1156 771 1216 memoratus
808 1172 883 1216 cum
920 1150 1118 1236 quibusdam
1157 1149 1242 1231 aliis,
1256 1167 1388 1234 ahakim

193 1276 276 1341 qnos
308 1254 351 1319 ad
381 1254 444 1319 hcc
465 1253 638 1340 negotium
668 1253 901 1339 exponendum
934 1257 1143 1330 convocarat,
1165 1274 1243 1318 cum
1256 1234 1404 1352 ξῗώἰὼξῦ

193 1357 230 1422 in
247 1355 386 1423 ecclesia
400 1355 514 1422 Sancti
529 1355 628 1420 Pauli
648 1355 711 1422 hoc
733 1356 769 1420 in
791 1355 967 1443 propatulo
986 1355 1245 1421 demonstrasset
1257 1317 1397 1421 migra

169 1459 230 1523 ,in
266 1459 410 1525 crastino
447 1457 554 1524 sancti
590 1458 742 1535 Andreas,
780 1462 1040 1544 supervenerunt
1073 1457 1166 1522 missi
1203 1479 1246 1523 ex
1256 1435 1392 1553 ἔξω

192 1565 288 1649 parte
309 1560 435 1627 domini
456 1560 552 1648 regis,
576 1560 749 1626 Johannes
772 1559 815 1625 de
838 1561 1037 1640 Lexintcna,
1065 1559 1159 1625 miles
1181 1560 1245 1626 ele-
1293 1580 1382 1634 lnce.

192 1686 283 1752 gans,
305 1663 466 1729 facrmdus
489 1668 524 1729 et
543 1668 715 1745 strenuus,
738 1668 774 1728 et
801 1662 959 1750 magister
981 1662 1181 1727 Laurentius
1204 1662 1246 1727 de

192 1766 314 1832 Sancto
348 1766 504 1843 Martino,
527 1767 581 1830 vir
612 1766 771 1853 eloquens
805 1771 841 1832 et
868 1766 1091 1852 jurisperitus,
1120 1765 1245 1830 domini

191 1869 278 1954 regis
299 1867 436 1933 clericus
459 1874 494 1934 et
516 1868 732 1951 consiliarius,
757 1869 907 1935 districte
931 1891 973 1934 ex
1000 1874 1095 1956 parte
1118 1866 1245 1933 domini

191 1970 278 2058 regia
299 1968 519 2056 prohibentes,
534 1991 577 2034 ne
597 1969 649 2034 illi
665 1970 907 2036 contributioni
922 1969 1119 2057 inportabili
1134 1969 1243 2055 aliquo

192 2072 289 2137 modo
323 2072 552 2136 consentirent
608 2071 682 2152 Quo
715 2079 829 2138 autem
860 2072 1019 2138 mandato
1051 2069 1244 2148 intellect0‚¹

191 2179 394 2239 recesserunt
426 2194 539 2238 omnes
569 2172 693 2239 ibidem
720 2175 921 2262 congregati.
967 2174 1056 2241 Cleri
1086 2196 1166 2239 vero
1195 2185 1380 2253 relteplyot

158 2278 161 2287 “
191 2275 330 2362 sponsio,
353 2297 426 2361 quae
452 2275 548 2340 bonis
570 2281 604 2340 et
637 2275 752 2340 multis
778 2276 864 2340 fulta
897 2274 963 2341 fuit
990 2276 1185 2357 rationibus,
1209 2282 1244 2343 et
1258 2252 1398 2319 uccoegy

192 2377 330 2465 prolixa,
353 2377 389 2442 in
420 2375 513 2441 libris
536 2375 776 2463 plurimorum8
797 2377 927 2463 plenius
948 2377 1153 2445 describitur.
1257 2320 1410 2385 Mem

402 2667 528 2733 Beatus
550 2663 764 2731 dammas
787 2666 1026 2735 canonizatur.

239 2825 365 2892 Diebus
387 2847 518 2912 quoque
545 2824 608 2889 sub
631 2824 754 2889 eisdem
777 2825 931 2891 dominus
953 2849 1039 2914 papa
1061 2828 1183 2891 timens
1204 2792 1399 2892 nedanoniza-

194 2929 479 2995 canonizationem
502 2927 593 2992 beati
617 2926 797 3007 Edmundi‚
821 2928 1068 2994 Cantuariensis
1089 2904 1400 3023 archiepiffiffil‘

194 3032 285 3118 scopi
320 3037 355 3097 et
386 3029 586 3106 confessoris,
611 3050 711 3115 quam
733 3028 840 3095 indies
863 3030 969 3095 sibilis
996 3031 1242 3116 obloquentium

195 3138 437 3221 prorogaverat,
464 3133 553 3197 idem
575 3137 709 3196 sanctas
732 3130 937 3219 signipotens
960 3133 1085 3197 ultione
1112 3134 1244 3218 puniret

195 3236 380 3312 manifesta,
402 3234 543 3299 eundem
566 3232 792 3319 sollempniter
814 3235 1046 3299 canonizatum
1070 3234 1244 3300 Dominica

196 3336 346 3424 proxima
388 3341 466 3400 ante
510 3334 633 3399 Natale
672 3333 808 3400 Domini
847 3335 1018 3424 cathalogo
1056 3344 1244 3402 sanctorum
1284 3349 1388 3400 aanor.

196 3438 316 3504 merito
355 3434 527 3524 ascripsit.³
584 3435 687 3521 Cujus
725 3438 990 3504 canonizationis
1022 3440 1246 3506 auctenticum

196 3540 476 3628 elegantissimum
508 3538 544 3603 in
578 3538 662 3603 libro
697 3540 738 3606 dc
769 3539 841 3605 vita
875 3540 1000 3627 ipsius4
1033 3545 1156 3630 poterit
1189 3543 1246 3629 qui

197 3649 292 3709 curat
314 3643 463 3729 reperire.

235 3890 241 3921 ¹
261 3887 390 3954 intellecto]
408 3886 542 3946 intellicto,
552 3885 609 3938 MS.
748 3904 781 3938 on
800 3905 817 3938 a
836 3888 884 3955 slip
899 3889 931 3938 of
944 3889 1038 3940 vellum
1057 3894 1144 3955 posted
1160 3893 1247 3942 above.

233 3972 243 4003 ²
261 3971 329 4021 libna
347 3969 518 4037 plurimorum]
553 3968 698 4034 Originally
749 3967 779 4016 ln
796 3968 838 4018 the
855 3970 1052 4035 corresponding
1062 3986 1168 4036 passage
1178 3971 1206 4021 in
1218 3972 1248 4022 Β.

199 4052 299 4102 written
319 4049 379 4100 libro
398 4050 631 4107 adoramentorum,
654 4051 699 4100 but
747 4048 791 4098 the
801 4049 858 4098 Bull
872 4048 903 4098 oi
918 4048 1094 4099 canonization
1113 4051 1135 4100 is
1155 4051 1210 4101 said
1221 4060 1248 4103 to

199 4131 293 4181 altered
304 4145 337 4180 on
356 4147 371 4180 a
391 4130 439 4194 slip
459 4129 489 4178 of
502 4129 596 4180 vellum
615 4131 700 4193 pastsd
747 4128 777 4176 be
798 4127 897 4177 written
919 4126 969 4175 “in
988 4127 1039 4177 fine
1060 4129 1144 4188 libri,”
1161 4132 1249 4181 audit

199 4210 287 4259 above.
321 4210 377 4259 The
399 4209 470 4274 reply
493 4210 517 4258 is
539 4216 585 4260 not
606 4207 633 4257 in
656 4208 699 4258 the
722 4195 726 4295 1
748 4206 799 4255 will
816 4208 848 4256 bc
859 4208 938 4257 found
951 4206 978 4255 in
995 4207 1038 4257 the
1055 4208 1155 4257 “Liber
1166 4209 1248 4259 Addi-

198 4297 213 4317 ⁸·
222 4290 301 4338 Liber
323 4287 588 4348 Additamentorum‚”
608 4289 654 4337 but
671 4286 696 4336 in
748 4287 938 4336 tarnentcrum’⁸
961 4286 1031 4352 [MS.
1051 4287 1116 4337 cort.
1134 4289 1201 4338 Nero
1214 4291 1246 4340 D.

200 4368 229 4416 B.
241 4368 270 4418 C.
280 4369 331 4430 (ed.
343 4368 423 4428 Wats,
434 4384 458 4431 p.
472 4370 541 4432 716).
747 4367 767 4415 Ι.
780 4367 823 4416 fol.
837 4368 893 4433 88],
916 4367 1013 4432 printed
1025 4368 1052 4417 in
1073 4369 1111 4418 ed.
1124 4369 1205 4431 Wats,
1220 4386 1244 4434 p.

232 4444 243 4476 ³
260 4447 389 4511 ascripsit]
409 4447 546 4510 asscripsit,
558 4447 614 4496 MS.
749 4450 795 4495 leo
809 4466 816 4506 3
834 4447 908 4496 dated
926 4448 1022 4512 Lycus,
1041 4450 1056 4474 “
1066 4446 1113 4497 iiia
1132 4447 1166 4498 id.
1187 4450 1248 4500 dan.

236 4525 242 4554 l
259 4524 288 4574 de
300 4526 351 4572 cita
363 4526 454 4589 ipsius]
476 4525 620 4588 Originally
632 4524 699 4572 writ·
750 4524 793 4588 [11
809 4525 882 4590 dan]
897 4525 1154 4589 pontita11n0iiii⁰.”

200 4613 240 4653 teu
262 4602 490 4665 Additamentorma,
509 4606 552 4653 but
572 4605 698 4653 corrected
723 4640 724 4644 ,
