3060 5468
312 711 568 780 ace-'mnam
591 729 802 779 assisiensis
822 729 1050 779 msssvurro
1074 728 1334 780 onsomoonuu

146 910 216 963 ab.
231 917 302 963 1249.
312 912 413 962 votum
430 907 632 979 triumpharet.
669 907 728 962 Per
740 906 818 962 idem
829 912 944 977 tempus
963 906 1120 970 Henricus,
1134 905 1212 959 filius
1231 904 1359 976 impera·

147 990 242 1055 fleury,
256 992 394 1055 tortoris,
423 993 582 1047 literatorie
611 992 785 1062 supplicavit
809 989 991 1044 humillime¹
1020 991 1084 1060 regi
1108 991 1298 1051 Francorum,
1324 993 1361 1042 nt

148 1056 228 1108 ‘ime
312 1075 449 1131 redderet
466 1078 531 1146 regi
548 1076 722 1147 Anglorum,
737 1075 880 1130 avunculo
899 1092 960 1138 suo,
971 1074 1040 1145 jura
1059 1092 1112 1129 sua
1130 1092 1194 1144 quae
1214 1074 1243 1127 in
1262 1089 1358 1142 regno

147 1138 278 1254 3132,
314 1178 366 1215 suo
384 1161 482 1231 ipsum
500 1160 723 1231 contingebant3
744 1178 808 1230 quse
835 1160 890 1214 etsi
918 1165 1000 1229 pater
1027 1175 1098 1213 suus
1124 1164 1243 1229 propter
1273 1174 1359 1212 suam

147 1254 262 1306 Iouisin
315 1245 525 1299 contumaciam
544 1245 690 1308 amiserat,
711 1246 774 1314 ipse
791 1261 950 1313 nunquam,
972 1245 1016 1297 ira
1033 1243 1163 1307 traduce,
1183 1260 1239 1296 non
1260 1241 1360 1295 deme·

149 1321 275 1398 behfllfof
314 1329 384 1391 ruit,
405 1329 481 1382 sicut
499 1327 677 1382 desideravit
691 1328 759 1397 jura
785 1328 878 1381 Jhesu
904 1328 1015 1382 Christi
1041 1327 1097 1379 sibi
1125 1327 1160 1379 ab
1188 1325 1359 1379 infidelibus

148 1387 264 1452 ΜΨ
279 1390 430 1465 ⁰fresutui
456 1411 638 1466 Christianis.
688 1411 812 1480 Indigne
838 1411 915 1465 enim
945 1429 963 1464 a
988 1411 1051 1464 Deo
1076 1411 1205 1480 postulat
1233 1409 1362 1478 quilibet

147 1453 273 1520 Enim
315 1495 509 1558 Christianus,
524 1495 601 1565 quod
613 1495 744 1566 proximo
756 1495 881 1565 denegat
893 1495 1059 1565 postulanti.
1088 1494 1361 1549 Christianissimus

315 1584 412 1632 autem
436 1596 487 1631 rex
506 1577 684 1632 Francorum
702 1577 837 1648 precibus
856 1578 978 1647 gratiosi
1002 1577 1087 1646 pueri
1105 1578 1286 1640 inclinasset,
1308 1576 1362 1630 sed

315 1662 436 1717 consilio
448 1680 601 1732 procerum
614 1679 733 1715 suorum
744 1661 876 1715 obviasse
889 1662 1045 1716 videretur.
1067 1661 1177 1714 Eodem
1189 1679 1263 1714 anno
1273 1678 1361 1714 vene-
1441 1708 1446 1718 .

150 1744 254 1796 Arrival
266 1747 294 1796 of
316 1752 385 1801 runt
407 1746 438 1799 in
455 1746 601 1815 Angliam,
624 1743 701 1815 [in]²
727 1745 928 1815 solempnitate
947 1744 1104 1807 Paschali,³
1122 1745 1361 1815 archiepiscopus

150 1813 301 1877 ibiibi·Of
317 1830 567 1900 Rothomagcnsis,
596 1830 686 1884 frater
709 1829 744 1883 de
769 1827 877 1882 Ordine
902 1828 1058 1892 Minorem,
1079 1827 1212 1899 Riganus
1231 1829 1360 1893 nomine,
1400 1855 1402 1858 ⁴

150 1879 300 2011 ffiffigffid
316 1921 350 1969 ut
376 1914 508 1984 quaedam
530 1914 600 1983 jura
624 1915 777 1968 ecclesiam
805 1931 886 1967 suam
915 1913 1112 1983 contingentia
1139 1921 1306 1983 reposceret
1331 1920 1363 1968 et

150 2012 265 2063 '1¹0er
317 1999 450 2068 optinuit,
465 2004 495 2053 et
513 1999 665 2069 episcopus
684 1998 720 2052 de
739 1998 871 2062 Tortusa,
892 2016 956 2067 quae
975 1997 1068 2050 estin
1086 1997 1176 2050 Terra
1195 1996 1313 2061 Sancta,
1329 2004 1364 2052 ut

169 2100 197 2145 11
211 2096 294 2159 April,
316 2083 457 2153 reliquias
487 2084 603 2152 generis
636 2083 682 2137 sui
711 2082 854 2137 visitaret.
904 2081 951 2135 Ad
980 2082 1112 2136 clausum
1143 2099 1212 2134 vero
1243 2082 1362 2137 Pascha

319 2207 440 2219 .....
461 2166 654 2220 communiam
672 2168 756 2236 regni
775 2185 827 2236 pro
846 2166 1017 2219 commodo⁴
1035 2166 1116 2235 regni
1138 2170 1167 2218 et
1184 2167 1265 2235 regis
1294 2184 1364 2220 con·
1375 2169 1491 2221 misius

318 2248 481 2303 stituendis.
522 2249 580 2302 Sed
605 2268 671 2304 cum
696 2250 785 2303 breve
811 2266 982 2318 responsum
1006 2253 1188 2319 reportarent
1211 2267 1245 2303 ac
1270 2250 1362 2305 irivo-

151 2336 270 2398 Replyta
317 2331 388 2394 lum,
409 2332 545 2401 poenituit
563 2350 611 2386 eos
632 2333 702 2386 illuc
720 2332 845 2386 inaniter
863 2332 1023 2386 advenisse.
1062 2332 1180 2386 Dictum
1209 2337 1254 2386 est
1281 2336 1363 2388 enim

152 2401 194 2451 ‘¹¹⁹
207 2402 249 2450 ἅθ’
318 2415 437 2480 eisdem,
459 2416 536 2485 quod
552 2416 640 2469 nimis
659 2416 813 2486 cupiebant
831 2416 955 2485 subjecti
973 2417 1121 2471 dominum
1140 2435 1225 2470 suum
1250 2417 1280 2470 in
1301 2436 1363 2472 ser·

150 2469 250 2584 ffigz
317 2499 441 2553 vitutem
467 2499 610 2569 redigere,
631 2500 656 2553 si
683 2498 761 2568 quod
785 2500 906 2554 cuilibet
933 2541 939 2553 .
961 2542 967 2553 .
990 2543 995 2554 .
1024 2501 1122 2554 facere*
1145 2501 1361 2571 denegaretur;

151 2600 299 2652 thenoblffi
316 2582 388 2636 licet
413 2583 489 2636 enim
508 2583 629 2637 cuilibet
656 2582 758 2637 domus
785 2601 845 2636 suae
863 2585 1038 2638 constituere
1057 2593 1282 2654 procuratorem.
1323 2588 1363 2642 Et

317 2667 360 2721 sic
379 2666 503 2737 quilibet
522 2684 573 2722 sno
592 2667 750 2722 frustratus
769 2666 922 2731 desiderio,
937 2668 974 2721 ad
992 2668 1108 2738 propria
1126 2669 1276 2731 remeavit,
1294 2687 1362 2724 con-

151 2757 292 2825 Preaching
317 2750 417 2804 silium
429 2751 509 2820 regis
522 2751 678 2822 plusquam
689 2768 790 2821 regem
804 2750 980 2805 detestando.
1019 2753 1136 2806 Fratres
1149 2752 1364 2808 Prmdieatores

150 2824 238 2904 (ΜΘ,
319 2840 349 2888 et
365 2835 504 2900 Minores,
524 2853 634 2889 necnon
652 2841 682 2889 et
700 2835 760 2898 alii,
789 2836 819 2888 in
843 2835 949 2904 peritia
966 2836 1144 2904 praedicandi
1165 2836 1295 2906 theologi
1316 2855 1363 2891 ex·

151 2891 298 3009 gffeffffit
318 2918 410 2988 pediti
427 2926 457 2974 et
475 2920 591 2982 eruditi,
613 2920 642 2972 in
661 2937 733 2989 agro
753 2961 758 2972 .
781 2960 787 2972 .
811 2961 816 2972 .
839 2960 845 2972 .
866 2920 1080 2989 promittebant,
1101 2921 1219 2973 minime
1238 2922 1364 2975 frustra·
1375 2929 1491 2981 Itidili,

151 3024 283 3076 ,jdofthe
318 3010 428 3068 rentur,
452 3003 672 3072 crucesignatis,
694 3003 852 3057 secundum
872 3004 1101 3073 uniuscujusque
1126 3005 1362 3074 possibilitatem,

151 3093 261 3143 crusade.
318 3088 348 3141 in
366 3087 638 3158 pecuniasolvenda
655 3087 883 3156 redemptionem
902 3088 1025 3156 benigno
1040 3095 1238 3157 susceperunt.
1265 3089 1364 3144 Immo

318 3173 407 3226 etiam
424 3172 507 3227 laicis
527 3180 555 3226 et
574 3173 690 3241 penitus
710 3172 890 3225 secularibus
910 3171 1043 3224 dominus
1062 3190 1145 3242 papa,
1170 3191 1204 3225 er
1223 3191 1283 3226 suae
1302 3176 1365 3244 ple·

318 3255 448 3309 nitudine
474 3257 634 3326 potestatis,
663 3257 739 3310 sicut
767 3256 910 3325 quondam
941 3256 1081 3309 columbae
1117 3263 1147 3311 et
1176 3263 1305 3312 turtures
1334 3260 1365 3312 in

318 3341 426 3409 templo
456 3339 676 3403 vendebantur,⁵
703 3368 923 3391 ——·--.
970 3340 1079 3392 Eodem
1106 3359 1188 3403 anne,
1221 3341 1364 3397 fabricato
1396 3354 1491 3408 solas,

319 3424 536 3493 elegantissimo
566 3442 601 3477 cx
631 3442 701 3478 auro
733 3433 762 3478 et
797 3431 917 3492 argento
948 3424 1064 3488 feretro,
1097 3425 1290 3479 trarislatum⁶
1318 3435 1365 3482 est

180 3492 282 3543 Hune·
319 3506 423 3561 iterato
443 3547 564 3560 .....
590 3509 776 3561 multitudine
805 3508 928 3576 copiosa,
961 3508 1099 3561 videlicet
1125 3527 1152 3561 v.
1181 3508 1246 3561 idus
1278 3509 1491 3570 Juniilbidiii..

320 3630 326 3643 .
349 3631 356 3643 .
378 3631 384 3644 .
405 3590 555 3645 Feliciani.
595 3592 699 3646 Comes
724 3591 934 3659 Legrecestriar
955 3592 1062 3655 Simon,
1083 3593 1114 3645 in
1141 3594 1274 3646 omnibus
1301 3602 1364 3649 stu·

317 3672 388 3728 dens
413 3675 573 3745 patrissare
593 3716 600 3728 .
623 3717 629 3728 .
652 3717 658 3728 .
679 3675 866 3744 expugnavit,
896 3676 1029 3730 civitates
1061 3683 1090 3729 et
1116 3684 1210 3730 castra
1240 3695 1364 3749 occupa·

318 3759 369 3821 vit,
408 3759 537 3812 hostium
568 3777 687 3813 suorum
724 3758 831 3811 multos
872 3759 997 3827 capiens,
1036 3761 1142 3814 multos
1183 3779 1289 3831 cogens
1327 3764 1364 3817 ad

319 3840 428 3894 domini
457 3843 536 3912 regis
565 3842 734 3897 fidelitatem
769 3841 875 3905 redire,
909 3848 938 3896 et
969 3842 1082 3913 aliquos
1113 3844 1207 3897 eidem
1245 3844 1365 3901 domino

152 3924 264 3976 erliam
319 3925 384 3992 regi
408 3927 537 3994 captivos
563 3926 719 3980 Londoniis
748 3926 817 3980 feeit
843 3928 1021 3995 praesentari.
1059 3927 1225 3983 Willelmus
1247 3930 1364 4000 Longa·

153 3992 299 4057 L⁰¹¹8⁰⁸P5⁸
320 4013 410 4077 spata,
431 4009 514 4063 miles
534 4010 779 4079 elegantissimus,
804 4011 885 4064 annis
911 4013 1071 4081 pubescens
1090 4012 1281 4081 juvenilibus,
1301 4015 1365 4069 filio

352 4236 360 4266 ¹
377 4236 515 4302 tramillime]
536 4238 671 4298 humilime,
685 4240 740 4290 MS.
836 4248 837 4252 ’
864 4242 905 4291 the
928 4257 1002 4307 page,
1021 4245 1070 4291 and
1093 4259 1127 4292 no
1147 4244 1188 4293 aid
1204 4244 1227 4292 is
1249 4245 1363 4297 afforded

349 4315 414 4379 ²in]
436 4315 554 4379 Supplied
566 4318 630 4366 from
642 4317 710 4368 Hire.
723 4318 794 4381 Acyl.
862 4323 896 4386 by
916 4323 957 4371 the
978 4322 1091 4371 Historia
1113 4323 1243 4389 Anploram
1267 4340 1296 4372 or
1319 4326 1364 4375 the

349 4396 360 4424 ³
378 4392 508 4459 Poactoli]
528 4395 635 4455 Pasesli,
647 4396 704 4446 MS.
862 4402 967 4452 Greater
995 4403 1137 4461 Chroniele,
1166 4404 1204 4452 ed.
1226 4404 1307 4458 ll‘ats,
1339 4421 1363 4468 p.

349 4475 359 4504 ⁴
376 4473 504 4539 commodo]
525 4476 638 4537 comodo,
649 4475 707 4526 MS.
861 4485 916 4532 766.

349 4555 358 4584 ⁵
376 4553 552 4618 vendebantur]
576 4553 632 4604 The
652 4562 707 4605 text
725 4556 831 4618 breaks
892 4559 903 4589 ὅ
921 4559 1077 4626 translatum]
1099 4571 1123 4612 et
1135 4563 1293 4624 translatum,
1304 4564 1365 4614 MS.

316 4633 419 4684 effhere
431 4635 561 4698 suddenly,
573 4641 599 4684 at
616 4635 659 4685 the
676 4637 771 4688 bottom
788 4637 818 4686 of
